%% This BibTeX bibliography file was created using BibDesk.
%% https://bibdesk.sourceforge.io/

%% Created for Kevin Bundy at 2021-01-06 16:57:54 -0800 


%% Saved with string encoding Unicode (UTF-8) 



@article{drlica-wagner19,
	adsnote = {Provided by the SAO/NASA Astrophysics Data System},
	adsurl = {https://ui.adsabs.harvard.edu/abs/2019arXiv190201055D},
	archiveprefix = {arXiv},
	author = {{Drlica-Wagner}, Alex and others},
	date-added = {2021-01-06 16:57:13 -0800},
	date-modified = {2021-01-06 16:57:53 -0800},
	eid = {arXiv:1902.01055},
	eprint = {1902.01055},
	journal = {arXiv e-prints},
	keywords = {Astrophysics - Cosmology and Nongalactic Astrophysics, Astrophysics - Astrophysics of Galaxies, Astrophysics - High Energy Astrophysical Phenomena, High Energy Physics - Experiment, High Energy Physics - Phenomenology},
	month = feb,
	pages = {arXiv:1902.01055},
	primaryclass = {astro-ph.CO},
	title = {{Probing the Fundamental Nature of Dark Matter with the Large Synoptic Survey Telescope}},
	year = 2019}

@article{nadler19,
	adsnote = {Provided by the SAO/NASA Astrophysics Data System},
	adsurl = {https://ui.adsabs.harvard.edu/abs/2019ApJ...878L..32N},
	archiveprefix = {arXiv},
	author = {{Nadler}, Ethan O. and {Gluscevic}, Vera and {Boddy}, Kimberly K. and {Wechsler}, Risa H.},
	date-added = {2021-01-05 10:45:50 -0800},
	date-modified = {2021-01-05 10:45:51 -0800},
	doi = {10.3847/2041-8213/ab1eb2},
	eid = {L32},
	eprint = {1904.10000},
	journal = {\apjl},
	keywords = {cosmology: theory, dark matter, galaxies: halos, methods: numerical, Astrophysics - Cosmology and Nongalactic Astrophysics, High Energy Physics - Phenomenology},
	month = jun,
	number = {2},
	pages = {L32},
	primaryclass = {astro-ph.CO},
	title = {{Constraints on Dark Matter Microphysics from the Milky Way Satellite Population}},
	volume = {878},
	year = 2019,
	Bdsk-Url-1 = {https://doi.org/10.3847/2041-8213/ab1eb2}}

@article{read18,
	adsnote = {Provided by the SAO/NASA Astrophysics Data System},
	adsurl = {https://ui.adsabs.harvard.edu/abs/2018MNRAS.481..860R},
	archiveprefix = {arXiv},
	author = {{Read}, J.~I. and {Walker}, M.~G. and {Steger}, P.},
	date-added = {2021-01-05 09:56:19 -0800},
	date-modified = {2021-01-05 09:56:20 -0800},
	doi = {10.1093/mnras/sty2286},
	eprint = {1805.06934},
	journal = {\mnras},
	keywords = {galaxies: dwarf, galaxies: haloes, galaxies: kinematics dynamics, dark matter, cosmology: observations, Astrophysics - Astrophysics of Galaxies, Astrophysics - Cosmology and Nongalactic Astrophysics},
	month = nov,
	number = {1},
	pages = {860-877},
	primaryclass = {astro-ph.GA},
	title = {{The case for a cold dark matter cusp in Draco}},
	volume = {481},
	year = 2018,
	Bdsk-Url-1 = {https://doi.org/10.1093/mnras/sty2286}}

@article{read19,
	adsnote = {Provided by the SAO/NASA Astrophysics Data System},
	adsurl = {https://ui.adsabs.harvard.edu/abs/2019MNRAS.484.1401R},
	archiveprefix = {arXiv},
	author = {{Read}, J.~I. and {Walker}, M.~G. and {Steger}, P.},
	date-added = {2021-01-05 08:38:56 -0800},
	date-modified = {2021-01-05 08:38:56 -0800},
	doi = {10.1093/mnras/sty3404},
	eprint = {1808.06634},
	journal = {\mnras},
	keywords = {galaxies: dwarf, galaxies: haloes, galaxies: kinematics and dynamics, galaxies: star formation, cosmology: observations, dark matter, Astrophysics - Astrophysics of Galaxies, Astrophysics - Cosmology and Nongalactic Astrophysics},
	month = mar,
	number = {1},
	pages = {1401-1420},
	primaryclass = {astro-ph.GA},
	title = {{Dark matter heats up in dwarf galaxies}},
	volume = {484},
	year = 2019,
	Bdsk-Url-1 = {https://doi.org/10.1093/mnras/sty3404}}

@article{jethwa18,
	adsnote = {Provided by the SAO/NASA Astrophysics Data System},
	adsurl = {https://ui.adsabs.harvard.edu/abs/2018MNRAS.473.2060J},
	archiveprefix = {arXiv},
	author = {{Jethwa}, P. and {Erkal}, D. and {Belokurov}, V.},
	date-added = {2021-01-04 21:03:35 -0800},
	date-modified = {2021-01-04 21:03:35 -0800},
	doi = {10.1093/mnras/stx2330},
	eprint = {1612.07834},
	journal = {\mnras},
	keywords = {Galaxy: halo, galaxies: dwarf, galaxies: Local Group, cosmology: dark matter, Astrophysics - Astrophysics of Galaxies},
	month = jan,
	number = {2},
	pages = {2060-2083},
	primaryclass = {astro-ph.GA},
	title = {{The upper bound on the lowest mass halo}},
	volume = {473},
	year = 2018,
	Bdsk-Url-1 = {https://doi.org/10.1093/mnras/stx2330}}

@article{sheldon20,
	adsnote = {Provided by the SAO/NASA Astrophysics Data System},
	adsurl = {https://ui.adsabs.harvard.edu/abs/2020ApJ...902..138S},
	archiveprefix = {arXiv},
	author = {{Sheldon}, Erin S. and {Becker}, Matthew R. and {MacCrann}, Niall and {Jarvis}, Michael},
	date-added = {2021-01-04 14:00:20 -0800},
	date-modified = {2021-01-04 14:00:20 -0800},
	doi = {10.3847/1538-4357/abb595},
	eid = {138},
	eprint = {1911.02505},
	journal = {\apj},
	keywords = {Weak gravitational lensing, 1797, Astrophysics - Cosmology and Nongalactic Astrophysics},
	month = oct,
	number = {2},
	pages = {138},
	primaryclass = {astro-ph.CO},
	title = {{Mitigating Shear-dependent Object Detection Biases with Metacalibration}},
	volume = {902},
	year = 2020,
	Bdsk-Url-1 = {https://doi.org/10.3847/1538-4357/abb595}}

@article{almoubayyed20,
	adsnote = {Provided by the SAO/NASA Astrophysics Data System},
	adsurl = {https://ui.adsabs.harvard.edu/abs/2020MNRAS.499.1140A},
	archiveprefix = {arXiv},
	author = {{Almoubayyed}, Husni and {Mandelbaum}, Rachel and {Awan}, Humna and {Gawiser}, Eric and {Jones}, R. Lynne and {Meyers}, Joshua and {Tyson}, J. Anthony and {Yoachim}, Peter and {LSST Dark Energy Science Collaboration}},
	date-added = {2021-01-04 13:15:05 -0800},
	date-modified = {2021-01-04 13:15:06 -0800},
	doi = {10.1093/mnras/staa2879},
	eprint = {2006.12538},
	journal = {\mnras},
	keywords = {gravitational lensing: weak, surveys, dark energy, Astrophysics - Instrumentation and Methods for Astrophysics},
	month = sep,
	number = {1},
	pages = {1140-1153},
	primaryclass = {astro-ph.IM},
	title = {{Optimizing LSST observing strategy for weak lensing systematics}},
	volume = {499},
	year = 2020,
	Bdsk-Url-1 = {https://doi.org/10.1093/mnras/staa2879}}

@inproceedings{bundy19,
	adsnote = {Provided by the SAO/NASA Astrophysics Data System},
	adsurl = {https://ui.adsabs.harvard.edu/abs/2019BAAS...51g.198B},
	archiveprefix = {arXiv},
	author = {{Bundy}, Kevin and {Westfall}, K. and {MacDonald}, N. and {Kupke}, R. and {Savage}, M. and {Poppett}, C. and {Alabi}, A. and {Becker}, G. and {Burchett}, J. and {Capak}, P. and {Coil}, A. and {Cooper}, M. and {Cowley}, D. and {Deich}, W. and {Dillon}, D. and {Edelstein}, J. and {Guhathakurta}, P. and {Hennawi}, J. and {Kassis}, M. and {Lee}, K. -G. and {Masters}, D. and {Miller}, T. and {Newman}, J. and {O'Meara}, J. and {Prochaska}, J.~X. and {Rau}, M. and {Rhodes}, J. and {Rich}, R.~M. and {Rockosi}, C. and {Romanowsky}, A. and {Schafer}, C. and {Schlegel}, D. and {Shapley}, A. and {Siana}, B. and {Ting}, Y. -S. and {Weisz}, D. and {White}, M. and {Williams}, B. and {Wilson}, G. and {Wilson}, M. and {Yan}, R.},
	booktitle = {Bulletin of the American Astronomical Society},
	date-added = {2020-12-16 13:02:05 -0800},
	date-modified = {2020-12-16 13:02:06 -0800},
	eid = {198},
	eprint = {1907.07195},
	keywords = {Astrophysics - Instrumentation and Methods for Astrophysics},
	month = sep,
	pages = {198},
	primaryclass = {astro-ph.IM},
	title = {{FOBOS: A Next-Generation Spectroscopic Facility}},
	volume = {51},
	year = 2019}

@article{simon19,
	adsnote = {Provided by the SAO/NASA Astrophysics Data System},
	adsurl = {https://ui.adsabs.harvard.edu/abs/2019BAAS...51c.409S},
	archiveprefix = {arXiv},
	author = {{Simon}, Joshua and {Bechtol}, Keith and {Drlica-Wagner}, Alex and {Geha}, Marla and {Gluscevic}, Vera and {Ji}, Alex and {Kirby}, Evan and {Li}, Ting S. and {Nadler}, Ethan O. and {Pace}, Andrew B. and {Peter}, Annika and {Wechsler}, Risa},
	date-added = {2020-12-14 14:50:23 -0800},
	date-modified = {2020-12-14 14:50:24 -0800},
	eid = {409},
	eprint = {1903.04743},
	journal = {\baas},
	keywords = {Astrophysics - Astrophysics of Galaxies, Astrophysics - Cosmology and Nongalactic Astrophysics},
	month = may,
	number = {3},
	pages = {409},
	primaryclass = {astro-ph.GA},
	title = {{Dynamical Masses for a Complete Census of Local Dwarf Galaxies}},
	volume = {51},
	year = 2019}

@article{roy18,
	adsnote = {Provided by the SAO/NASA Astrophysics Data System},
	adsurl = {https://ui.adsabs.harvard.edu/abs/2018ApJ...869..117R},
	archiveprefix = {arXiv},
	author = {{Roy}, Namrata and {Bundy}, Kevin and {Cheung}, Edmond and {Rujopakarn}, Wiphu and {Cappellari}, Michele and {Belfiore}, Francesco and {Yan}, Renbin and {Heckman}, Tim and {Bershady}, Matthew and {Greene}, Jenny and {Westfall}, Kyle and {Drory}, Niv and {Rubin}, Kate and {Law}, David and {Zhang}, Kai and {Gelfand}, Joseph and {Bizyaev}, Dmitry and {Wake}, David and {Masters}, Karen and {Thomas}, Daniel and {Li}, Cheng and {Riffel}, Rogemar A.},
	date-added = {2020-05-12 13:30:09 -0700},
	date-modified = {2020-05-12 13:30:10 -0700},
	doi = {10.3847/1538-4357/aaee72},
	eid = {117},
	eprint = {1811.04072},
	journal = {\apj},
	keywords = {galaxies: evolution, galaxies: formation, galaxies: general, Astrophysics - Astrophysics of Galaxies},
	month = dec,
	number = {2},
	pages = {117},
	primaryclass = {astro-ph.GA},
	title = {{Detecting Radio AGN Signatures in Red Geysers}},
	volume = {869},
	year = 2018,
	Bdsk-Url-1 = {https://doi.org/10.3847/1538-4357/aaee72}}

@article{Whitaker:2012,
	author = {{Whitaker}, Katherine E. and {van Dokkum}, Pieter G. and {Brammer}, Gabriel and {Franx}, Marijn},
	journal = {\apjl},
	month = {Aug},
	number = {2},
	pages = {L29},
	title = {{The Star Formation Mass Sequence Out to z = 2.5}},
	volume = {754},
	year = {2012}}

@article{johnson16,
	adsnote = {Provided by the SAO/NASA Astrophysics Data System},
	adsurl = {https://ui.adsabs.harvard.edu/abs/2016ApJ...827...33J},
	archiveprefix = {arXiv},
	author = {{Johnson}, L. Clifton and {Seth}, Anil C. and {Dalcanton}, Julianne J. and {Beerman}, Lori C. and {Fouesneau}, Morgan and {Lewis}, Alexia R. and {Weisz}, Daniel R. and {Williams}, Benjamin F. and {Bell}, Eric F. and {Dolphin}, Andrew E. and {Larsen}, S{\o}ren S. and {Sandstrom}, Karin and {Skillman}, Evan D.},
	doi = {10.3847/0004-637X/827/1/33},
	eid = {33},
	eprint = {1606.05349},
	journal = {\apj},
	keywords = {galaxies: individual: M31, galaxies: star clusters: general, Astrophysics - Astrophysics of Galaxies},
	month = aug,
	number = {1},
	pages = {33},
	primaryclass = {astro-ph.GA},
	title = {{Panchromatic Hubble Andromeda Treasury. XVI. Star Cluster Formation Efficiency and the Clustered Fraction of Young Stars}},
	volume = {827},
	year = 2016,
	Bdsk-Url-1 = {https://doi.org/10.3847/0004-637X/827/1/33}}

@article{portegies10,
	adsnote = {Provided by the SAO/NASA Astrophysics Data System},
	adsurl = {https://ui.adsabs.harvard.edu/abs/2010ARA&A..48..431P},
	archiveprefix = {arXiv},
	author = {{Portegies Zwart}, Simon F. and {McMillan}, Stephen L.~W. and {Gieles}, Mark},
	doi = {10.1146/annurev-astro-081309-130834},
	eprint = {1002.1961},
	journal = {\araa},
	keywords = {Astrophysics - Astrophysics of Galaxies, Astrophysics - Solar and Stellar Astrophysics},
	month = sep,
	pages = {431-493},
	primaryclass = {astro-ph.GA},
	title = {{Young Massive Star Clusters}},
	volume = {48},
	year = 2010,
	Bdsk-Url-1 = {https://doi.org/10.1146/annurev-astro-081309-130834}}

@article{johnson15,
	adsnote = {Provided by the SAO/NASA Astrophysics Data System},
	adsurl = {https://ui.adsabs.harvard.edu/abs/2015ApJ...802..127J},
	archiveprefix = {arXiv},
	author = {{Johnson}, L. Clifton and {Seth}, Anil C. and {Dalcanton}, Julianne J. and {Wallace}, Matthew L. and {Simpson}, Robert J. and {Lintott}, Chris J. and {Kapadia}, Amit and {Skillman}, Evan D. and {Caldwell}, Nelson and {Fouesneau}, Morgan and {Weisz}, Daniel R. and {Williams}, Benjamin F. and {Beerman}, Lori C. and {Gouliermis}, Dimitrios A. and {Sarajedini}, Ata},
	doi = {10.1088/0004-637X/802/2/127},
	eid = {127},
	eprint = {1501.04966},
	journal = {\apj},
	keywords = {catalogs, galaxies: individual: M31, galaxies: star clusters: general, Astrophysics - Astrophysics of Galaxies, Astrophysics - Cosmology and Nongalactic Astrophysics},
	month = apr,
	number = {2},
	pages = {127},
	primaryclass = {astro-ph.GA},
	title = {{PHAT Stellar Cluster Survey. II. Andromeda Project Cluster Catalog}},
	volume = {802},
	year = 2015,
	Bdsk-Url-1 = {https://doi.org/10.1088/0004-637X/802/2/127}}

@inbook{saunders14,
	adsnote = {Provided by the SAO/NASA Astrophysics Data System},
	adsurl = {https://ui.adsabs.harvard.edu/abs/2014SPIE.9151E..1MS},
	author = {{Saunders}, Will and {Gillingham}, Peter and {Smith}, Greg and {Kent}, Steve and {Doel}, Peter},
	booktitle = {\procspie},
	date-added = {2020-04-20 20:37:16 -0700},
	date-modified = {2020-04-20 20:37:17 -0700},
	doi = {10.1117/12.2055662},
	eid = {91511M},
	keywords = {Astrophysics - Instrumentation and Methods for Astrophysics},
	pages = {91511M},
	series = {Society of Photo-Optical Instrumentation Engineers (SPIE) Conference Series},
	title = {{Prime focus wide-field corrector designs with lossless atmospheric dispersion correction}},
	volume = {9151},
	year = 2014,
	Bdsk-Url-1 = {https://doi.org/10.1117/12.2055662}}

@article{hayden2015,
	adsnote = {Provided by the SAO/NASA Astrophysics Data System},
	adsurl = {https://ui.adsabs.harvard.edu/abs/2015ApJ...808..132H},
	archiveprefix = {arXiv},
	author = {{Hayden}, Michael R. and {Bovy}, Jo and {Holtzman}, Jon A. and {Nidever}, David L. and {Bird}, Jonathan C. and {Weinberg}, David H. and {Andrews}, Brett H. and {Majewski}, Steven R. and {Allende Prieto}, Carlos and {Anders}, Friedrich and {Beers}, Timothy C. and {Bizyaev}, Dmitry and {Chiappini}, Cristina and {Cunha}, Katia and {Frinchaboy}, Peter and {Garc{\'\i}a-Her{\'n}and ez}, D.~A. and {Garc{\'\i}a P{\'e}rez}, Ana E. and {Girardi}, L{\'e}o and {Harding}, Paul and {Hearty}, Fred R. and {Johnson}, Jennifer A. and {M{\'e}sz{\'a}ros}, Szabolcs and {Minchev}, Ivan and {O'Connell}, Robert and {Pan}, Kaike and {Robin}, Annie C. and {Schiavon}, Ricardo P. and {Schneider}, Donald P. and {Schultheis}, Mathias and {Shetrone}, Matthew and {Skrutskie}, Michael and {Steinmetz}, Matthias and {Smith}, Verne and {Wilson}, John C. and {Zamora}, Olga and {Zasowski}, Gail},
	doi = {10.1088/0004-637X/808/2/132},
	eid = {132},
	eprint = {1503.02110},
	journal = {\apj},
	keywords = {Galaxy: abundances, Galaxy: disk, Galaxy: evolution, Galaxy: stellar content, Galaxy: structure, Astrophysics - Astrophysics of Galaxies},
	month = aug,
	number = {2},
	pages = {132},
	primaryclass = {astro-ph.GA},
	title = {{Chemical Cartography with APOGEE: Metallicity Distribution Functions and the Chemical Structure of the Milky Way Disk}},
	volume = {808},
	year = 2015,
	Bdsk-Url-1 = {https://doi.org/10.1088/0004-637X/808/2/132}}

@article{goldstein2019,
	adsnote = {Provided by the SAO/NASA Astrophysics Data System},
	adsurl = {https://ui.adsabs.harvard.edu/abs/2019ApJ...881L...7G},
	archiveprefix = {arXiv},
	author = {{Goldstein}, Daniel A. and {Andreoni}, Igor and {Nugent}, Peter E. and {Kasliwal}, Mansi M. and {Coughlin}, Michael W. and {Anand}, Shreya and {Bloom}, Joshua S. and {Mart{\'\i}nez-Palomera}, Jorge and {Zhang}, Keming and {Ahumada}, Tom{\'a}s and {Bagdasaryan}, Ashot and {Cooke}, Jeff and {De}, Kishalay and {Duev}, Dmitry A. and {Fremling}, U. Christoffer and {Gatkine}, Pradip and {Graham}, Matthew and {Ofek}, Eran O. and {Singer}, Leo P. and {Yan}, Lin},
	doi = {10.3847/2041-8213/ab3046},
	eid = {L7},
	eprint = {1905.06980},
	journal = {\apjl},
	keywords = {gravitational waves, stars: black holes, stars: neutron, surveys, Astrophysics - High Energy Astrophysical Phenomena, Astrophysics - Instrumentation and Methods for Astrophysics},
	month = aug,
	number = {1},
	pages = {L7},
	primaryclass = {astro-ph.HE},
	title = {{GROWTH on S190426c: Real-time Search for a Counterpart to the Probable Neutron Star-Black Hole Merger using an Automated Difference Imaging Pipeline for DECam}},
	volume = {881},
	year = 2019,
	Bdsk-Url-1 = {https://doi.org/10.3847/2041-8213/ab3046}}

@article{cowperthwaite2017,
	adsnote = {Provided by the SAO/NASA Astrophysics Data System},
	adsurl = {https://ui.adsabs.harvard.edu/abs/2018ApJ...858...18C},
	archiveprefix = {arXiv},
	author = {{Cowperthwaite}, P.~S. and {Berger}, E. and {Rest}, A. and {Chornock}, R. and {Scolnic}, D.~M. and {Williams}, P.~K.~G. and {Fong}, W. and {Drout}, M.~R. and {Foley}, R.~J. and {Margutti}, R. and {Lunnan}, R. and {Metzger}, B.~D. and {Quataert}, E.},
	doi = {10.3847/1538-4357/aabad9},
	eid = {18},
	eprint = {1710.02144},
	journal = {\apj},
	keywords = {binaries: close, catalogs, gravitational waves, stars: neutron, surveys, Astrophysics - High Energy Astrophysical Phenomena},
	month = may,
	number = {1},
	pages = {18},
	primaryclass = {astro-ph.HE},
	title = {{An Empirical Study of Contamination in Deep, Rapid, and Wide-field Optical Follow-up of Gravitational Wave Events}},
	volume = {858},
	year = 2018,
	Bdsk-Url-1 = {https://doi.org/10.3847/1538-4357/aabad9}}

@article{margutti2018,
	adsnote = {Provided by the SAO/NASA Astrophysics Data System},
	adsurl = {https://ui.adsabs.harvard.edu/abs/2018arXiv181204051M},
	archiveprefix = {arXiv},
	author = {{Margutti}, R. and {Cowperthwaite}, P. and {Doctor}, Z. and {Mortensen}, K. and {Pankow}, C.~P. and {Salafia}, O. and {Villar}, V.~A. and {Alexander}, K. and {Annis}, J. and {Andreoni}, I. and {Baldeschi}, A. and {Balmaverde}, B. and {Berger}, E. and {Bernardini}, M.~G. and {Berry}, C.~P.~L. and {Bianco}, F. and {Blanchard}, P.~K. and {Brocato}, E. and {Carnerero}, M.~I. and {Cartier}, R. and {Cenko}, S.~B. and {Chornock}, R. and {Chomiuk}, L. and {Copperwheat}, C.~M. and {Coughlin}, M.~W. and {Coppejans}, D.~L. and {Corsi}, A. and {D'Ammando}, F. and {Datrier}, L. and {D'Avanzo}, P. and {Dimitriadis}, G. and {Drout}, M.~R. and {Foley}, R.~J. and {Fong}, W. and {Fox}, O. and {Ghirlanda}, G. and {Goldstein}, D. and {Grindlay}, J. and {Guidorzi}, C. and {Haiman}, Z. and {Hendry}, M. and {Holz}, D. and {Hung}, T. and {Inserra}, C. and {Jones}, D.~O. and {Kalogera}, V. and {Kilpatrick}, C.~D. and {Lamb}, G. and {Laskar}, T. and {Levan}, A. and {Mason}, E. and {Maguire}, K. and {Melandri}, A. and {Milisavljevic}, D. and {Miller}, A. and {Narayan}, G. and {Nielsen}, E. and {Nicholl}, M. and {Nissanke}, S. and {Nugent}, P. and {Pan}, Y. -C. and {Pasham}, D. and {Paterson}, K. and {Piranomonte}, S. and {Racusin}, J. and {Rest}, A. and {Righi}, C. and {Sand}, D. and {Seaman}, R. and {Scolnic}, D. and {Siellez}, K. and {Singer}, L. and {Szkody}, P. and {Smith}, M. and {Steeghs}, D. and {Sullivan}, M. and {Tanvir}, N. and {Terreran}, G. and {Trimble}, V. and {Valenti}, S. and {LSST Transient}, with the support of the and {Variable Stars Collaboration}},
	eid = {arXiv:1812.04051},
	eprint = {1812.04051},
	journal = {arXiv e-prints},
	keywords = {Astrophysics - High Energy Astrophysical Phenomena, Astrophysics - Instrumentation and Methods for Astrophysics},
	month = dec,
	pages = {arXiv:1812.04051},
	primaryclass = {astro-ph.HE},
	title = {{Target of Opportunity Observations of Gravitational Wave Events with LSST}},
	year = 2018}

@article{xiang2017,
	adsnote = {Provided by the SAO/NASA Astrophysics Data System},
	adsurl = {https://ui.adsabs.harvard.edu/abs/2017ApJS..232....2X},
	archiveprefix = {arXiv},
	author = {{Xiang}, Maosheng and {Liu}, Xiaowei and {Shi}, Jianrong and {Yuan}, Haibo and {Huang}, Yang and {Chen}, Bingqiu and {Wang}, Chun and {Tian}, Zhijia and {Wu}, Yaqian and {Yang}, Yong and {Zhang}, Huawei and {Huo}, Zhiying and {Ren}, Juanjuan},
	doi = {10.3847/1538-4365/aa80e4},
	eid = {2},
	eprint = {1707.06236},
	journal = {\apjs},
	keywords = {catalogs, Galaxy: abundances, Galaxy: disk, Galaxy: evolution, stars: fundamental parameters, techniques: spectroscopic, Astrophysics - Solar and Stellar Astrophysics, Astrophysics - Astrophysics of Galaxies},
	month = sep,
	number = {1},
	pages = {2},
	primaryclass = {astro-ph.SR},
	title = {{The Ages and Masses of a Million Galactic-disk Main-sequence Turnoff and Subgiant Stars from the LAMOST Galactic Spectroscopic Surveys}},
	volume = {232},
	year = 2017,
	Bdsk-Url-1 = {https://doi.org/10.3847/1538-4365/aa80e4}}

@article{Xiang2019,
	adsnote = {Provided by the SAO/NASA Astrophysics Data System},
	adsurl = {https://ui.adsabs.harvard.edu/abs/2019ApJS..245...34X},
	archiveprefix = {arXiv},
	author = {{Xiang}, Maosheng and {Ting}, Yuan-Sen and {Rix}, Hans-Walter and {Sand ford}, Nathan and {Buder}, Sven and {Lind}, Karin and {Liu}, Xiao-Wei and {Shi}, Jian-Rong and {Zhang}, Hua-Wei},
	doi = {10.3847/1538-4365/ab5364},
	eid = {34},
	eprint = {1908.09727},
	journal = {\apjs},
	keywords = {Spectroscopy, Spectroscopic binary stars, Stellar atmospheres, Stellar abundances, Astronomy databases, Stellar properties, Stellar spectral lines, Astronomy data analysis, Sky surveys, Fundamental parameters of stars, Milky Way Galaxy, Astronomy data modeling, Astrophysics - Solar and Stellar Astrophysics, Astrophysics - Astrophysics of Galaxies, Astrophysics - Instrumentation and Methods for Astrophysics},
	month = dec,
	number = {2},
	pages = {34},
	primaryclass = {astro-ph.SR},
	title = {{Abundance Estimates for 16 Elements in 6 Million Stars from LAMOST DR5 Low-Resolution Spectra}},
	volume = {245},
	year = 2019,
	Bdsk-Url-1 = {https://doi.org/10.3847/1538-4365/ab5364}}

@article{villar2018,
	adsnote = {Provided by the SAO/NASA Astrophysics Data System},
	adsurl = {https://ui.adsabs.harvard.edu/abs/2018ApJ...869..166V},
	archiveprefix = {arXiv},
	author = {{Villar}, V. Ashley and {Nicholl}, Matt and {Berger}, Edo},
	doi = {10.3847/1538-4357/aaee6a},
	eid = {166},
	eprint = {1809.07343},
	journal = {\apj},
	keywords = {supernovae: general, Astrophysics - High Energy Astrophysical Phenomena},
	month = dec,
	number = {2},
	pages = {166},
	primaryclass = {astro-ph.HE},
	title = {{Superluminous Supernovae in LSST: Rates, Detection Metrics, and Light-curve Modeling}},
	volume = {869},
	year = 2018,
	Bdsk-Url-1 = {https://doi.org/10.3847/1538-4357/aaee6a}}

@article{cowperthwaite2019,
	adsnote = {Provided by the SAO/NASA Astrophysics Data System},
	adsurl = {https://ui.adsabs.harvard.edu/abs/2019ApJ...874...88C},
	archiveprefix = {arXiv},
	author = {{Cowperthwaite}, P.~S. and {Villar}, V.~A. and {Scolnic}, D.~M. and {Berger}, E.},
	doi = {10.3847/1538-4357/ab07b6},
	eid = {88},
	eprint = {1811.03098},
	journal = {\apj},
	keywords = {binaries: close, catalogs, gravitational waves, stars: neutron, surveys, Astrophysics - High Energy Astrophysical Phenomena},
	month = mar,
	number = {1},
	pages = {88},
	primaryclass = {astro-ph.HE},
	title = {{LSST Target-of-opportunity Observations of Gravitational-wave Events: Essential and Efficient}},
	volume = {874},
	year = 2019,
	Bdsk-Url-1 = {https://doi.org/10.3847/1538-4357/ab07b6}}

@article{bricman2020,
	adsnote = {Provided by the SAO/NASA Astrophysics Data System},
	adsurl = {https://ui.adsabs.harvard.edu/abs/2020ApJ...890...73B},
	archiveprefix = {arXiv},
	author = {{Bricman}, Katja and {Gomboc}, Andreja},
	doi = {10.3847/1538-4357/ab6989},
	eid = {73},
	eprint = {1906.08235},
	journal = {\apj},
	keywords = {Astrophysics - High Energy Astrophysical Phenomena},
	month = feb,
	number = {1},
	pages = {73},
	primaryclass = {astro-ph.HE},
	title = {{The Prospects of Observing Tidal Disruption Events with the Large Synoptic Survey Telescope}},
	volume = {890},
	year = 2020,
	Bdsk-Url-1 = {https://doi.org/10.3847/1538-4357/ab6989}}

@article{hosseinzadeh2019,
	adsnote = {Provided by the SAO/NASA Astrophysics Data System},
	adsurl = {https://ui.adsabs.harvard.edu/abs/2019ApJ...880L...4H},
	archiveprefix = {arXiv},
	author = {{Hosseinzadeh}, G. and {Cowperthwaite}, P.~S. and {Gomez}, S. and {Villar}, V.~A. and {Nicholl}, M. and {Margutti}, R. and {Berger}, E. and {Chornock}, R. and {Paterson}, K. and {Fong}, W. and {Savchenko}, V. and {Short}, P. and {Alexander}, K.~D. and {Blanchard}, P.~K. and {Braga}, J. and {Calkins}, M.~L. and {Cartier}, R. and {Coppejans}, D.~L. and {Eftekhari}, T. and {Laskar}, T. and {Ly}, C. and {Patton}, L. and {Pelisoli}, I. and {Reichart}, D.~E. and {Terreran}, G. and {Williams}, P.~K.~G.},
	doi = {10.3847/2041-8213/ab271c},
	eid = {L4},
	eprint = {1905.02186},
	journal = {\apjl},
	keywords = {binaries: close, gravitational waves, methods: observational, stars: black holes, stars: neutron, Astrophysics - High Energy Astrophysical Phenomena, Astrophysics - Solar and Stellar Astrophysics},
	month = jul,
	number = {1},
	pages = {L4},
	primaryclass = {astro-ph.HE},
	title = {{Follow-up of the Neutron Star Bearing Gravitational-wave Candidate Events S190425z and S190426c with MMT and SOAR}},
	volume = {880},
	year = 2019,
	Bdsk-Url-1 = {https://doi.org/10.3847/2041-8213/ab271c}}

@article{abbott2018prospects,
	author = {Abbott, Benjamin P and Abbott, R and Abbott, TD and Abernathy, MR and Acernese, F and Ackley, K and Adams, C and Adams, T and Addesso, Paolo and Adhikari, RX and others},
	journal = {Living Reviews in Relativity},
	number = {1},
	pages = {3},
	publisher = {Springer},
	title = {Prospects for observing and localizing gravitational-wave transients with Advanced LIGO, Advanced Virgo and KAGRA},
	volume = {21},
	year = {2018}}

@article{dorman15,
	adsnote = {Provided by the SAO/NASA Astrophysics Data System},
	adsurl = {https://ui.adsabs.harvard.edu/abs/2015ApJ...803...24D},
	archiveprefix = {arXiv},
	author = {{Dorman}, Claire E. and {Guhathakurta}, Puragra and {Seth}, Anil C. and {Weisz}, Daniel R. and {Bell}, Eric F. and {Dalcanton}, Julianne J. and {Gilbert}, Karoline M. and {Hamren}, Katherine M. and {Lewis}, Alexia R. and {Skillman}, Evan D. and {Toloba}, Elisa and {Williams}, Benjamin F.},
	doi = {10.1088/0004-637X/803/1/24},
	eid = {24},
	eprint = {1502.03820},
	journal = {\apj},
	keywords = {galaxies: individual: M31, galaxies: kinematics and dynamics, galaxies: spiral, galaxies: stellar content, Astrophysics - Astrophysics of Galaxies},
	month = apr,
	number = {1},
	pages = {24},
	primaryclass = {astro-ph.GA},
	title = {{A Clear Age-Velocity Dispersion Correlation in Andromeda{\textquoteright}s Stellar Disk}},
	volume = {803},
	year = 2015,
	Bdsk-Url-1 = {https://doi.org/10.1088/0004-637X/803/1/24}}

@article{margutti2019,
	adsnote = {Provided by the SAO/NASA Astrophysics Data System},
	adsurl = {https://ui.adsabs.harvard.edu/abs/2019ApJ...872...18M},
	archiveprefix = {arXiv},
	author = {{Margutti}, R. and {Metzger}, B.~D. and {Chornock}, R. and {Vurm}, I. and {Roth}, N. and {Grefenstette}, B.~W. and {Savchenko}, V. and {Cartier}, R. and {Steiner}, J.~F. and {Terreran}, G. and {Margalit}, B. and {Migliori}, G. and {Milisavljevic}, D. and {Alexand er}, K.~D. and {Bietenholz}, M. and {Blanchard}, P.~K. and {Bozzo}, E. and {Brethauer}, D. and {Chilingarian}, I.~V. and {Coppejans}, D.~L. and {Ducci}, L. and {Ferrigno}, C. and {Fong}, W. and {G{\"o}tz}, D. and {Guidorzi}, C. and {Hajela}, A. and {Hurley}, K. and {Kuulkers}, E. and {Laurent}, P. and {Mereghetti}, S. and {Nicholl}, M. and {Patnaude}, D. and {Ubertini}, P. and {Banovetz}, J. and {Bartel}, N. and {Berger}, E. and {Coughlin}, E.~R. and {Eftekhari}, T. and {Frederiks}, D.~D. and {Kozlova}, A.~V. and {Laskar}, T. and {Svinkin}, D.~S. and {Drout}, M.~R. and {MacFadyen}, A. and {Paterson}, K.},
	doi = {10.3847/1538-4357/aafa01},
	eid = {18},
	eprint = {1810.10720},
	journal = {\apj},
	keywords = {accretion, accretion disks, stars: black holes, supernovae: individual: AT 2018cow, X-rays: general, Astrophysics - High Energy Astrophysical Phenomena},
	month = feb,
	number = {1},
	pages = {18},
	primaryclass = {astro-ph.HE},
	title = {{An Embedded X-Ray Source Shines through the Aspherical AT 2018cow: Revealing the Inner Workings of the Most Luminous Fast-evolving Optical Transients}},
	volume = {872},
	year = 2019,
	Bdsk-Url-1 = {https://doi.org/10.3847/1538-4357/aafa01}}

@article{anderson2015,
	adsnote = {Provided by the SAO/NASA Astrophysics Data System},
	adsurl = {https://ui.adsabs.harvard.edu/abs/2015PASA...32...19A},
	archiveprefix = {arXiv},
	author = {{Anderson}, Joseph P. and {James}, Phil A. and {Habergham}, Stacey M. and {Galbany}, Llu{\'\i}s and {Kuncarayakti}, Hanindyo},
	doi = {10.1017/pasa.2015.19},
	eid = {e019},
	eprint = {1504.04043},
	journal = {\pasa},
	keywords = {galaxies: star formation, galaxies: statistics, HII regions, supernovae: general, Astrophysics - High Energy Astrophysical Phenomena, Astrophysics - Cosmology and Nongalactic Astrophysics, Astrophysics - Solar and Stellar Astrophysics},
	month = may,
	pages = {e019},
	primaryclass = {astro-ph.HE},
	title = {{Statistical Studies of Supernova Environments}},
	volume = {32},
	year = 2015,
	Bdsk-Url-1 = {https://doi.org/10.1017/pasa.2015.19}}

@article{kourkchi17,
	adsnote = {Provided by the SAO/NASA Astrophysics Data System},
	adsurl = {https://ui.adsabs.harvard.edu/abs/2017ApJ...843...16K},
	archiveprefix = {arXiv},
	author = {{Kourkchi}, Ehsan and {Tully}, R. Brent},
	date-added = {2019-12-04 09:56:09 -0800},
	date-modified = {2019-12-04 09:56:10 -0800},
	doi = {10.3847/1538-4357/aa76db},
	eid = {16},
	eprint = {1705.08068},
	journal = {\apj},
	keywords = {dark matter, galaxies: groups: general, galaxies: luminosity function, mass function, Astrophysics - Astrophysics of Galaxies},
	month = {Jul},
	number = {1},
	pages = {16},
	primaryclass = {astro-ph.GA},
	title = {{Galaxy Groups Within 3500 km s$^{-1}$}},
	volume = {843},
	year = {2017},
	Bdsk-Url-1 = {https://doi.org/10.3847/1538-4357/aa76db}}

@article{childress17,
	adsnote = {Provided by the SAO/NASA Astrophysics Data System},
	adsurl = {http://adsabs.harvard.edu/abs/2017MNRAS.472..273C},
	archiveprefix = {arXiv},
	author = {{Childress}, M.~J. and {Lidman}, C. and {Davis}, T.~M. and {Tucker}, B.~E. and {Asorey}, J. and {Yuan}, F. and {Abbott}, T.~M.~C. and {Abdalla}, F.~B. and {Allam}, S. and {Annis}, J. and {Banerji}, M. and {Benoit-L{\'e}vy}, A. and {Bernard}, S.~R. and {Bertin}, E. and {Brooks}, D. and {Buckley-Geer}, E. and {Burke}, D.~L. and {Carnero Rosell}, A. and {Carollo}, D. and {Carrasco Kind}, M. and {Carretero}, J. and {Castander}, F.~J. and {Cunha}, C.~E. and {da Costa}, L.~N. and {D'Andrea}, C.~B. and {Doel}, P. and {Eifler}, T.~F. and {Evrard}, A.~E. and {Flaugher}, B. and {Foley}, R.~J. and {Fosalba}, P. and {Frieman}, J. and {Garc{\'{\i}}a-Bellido}, J. and {Glazebrook}, K. and {Goldstein}, D.~A. and {Gruen}, D. and {Gruendl}, R.~A. and {Gschwend}, J. and {Gupta}, R.~R. and {Gutierrez}, G. and {Hinton}, S.~R. and {Hoormann}, J.~K. and {James}, D.~J. and {Kessler}, R. and {Kim}, A.~G. and {King}, A.~L. and {Kovacs}, E. and {Kuehn}, K. and {Kuhlmann}, S. and {Kuropatkin}, N. and {Lagattuta}, D.~J. and {Lewis}, G.~F. and {Li}, T.~S. and {Lima}, M. and {Lin}, H. and {Macaulay}, E. and {Maia}, M.~A.~G. and {Marriner}, J. and {March}, M. and {Marshall}, J.~L. and {Martini}, P. and {McMahon}, R.~G. and {Menanteau}, F. and {Miquel}, R. and {Moller}, A. and {Morganson}, E. and {Mould}, J. and {Mudd}, D. and {Muthukrishna}, D. and {Nichol}, R.~C. and {Nord}, B. and {Ogando}, R.~L.~C. and {Ostrovski}, F. and {Parkinson}, D. and {Plazas}, A.~A. and {Reed}, S.~L. and {Reil}, K. and {Romer}, A.~K. and {Rykoff}, E.~S. and {Sako}, M. and {Sanchez}, E. and {Scarpine}, V. and {Schindler}, R. and {Schubnell}, M. and {Scolnic}, D. and {Sevilla-Noarbe}, I. and {Seymour}, N. and {Sharp}, R. and {Smith}, M. and {Soares-Santos}, M. and {Sobreira}, F. and {Sommer}, N.~E. and {Spinka}, H. and {Suchyta}, E. and {Sullivan}, M. and {Swanson}, M.~E.~C. and {Tarle}, G. and {Uddin}, S.~A. and {Walker}, A.~R. and {Wester}, W. and {Zhang}, B.~R.},
	date-added = {2019-11-25 20:36:10 -0800},
	date-modified = {2019-11-25 20:36:10 -0800},
	doi = {10.1093/mnras/stx1872},
	eprint = {1708.04526},
	journal = {\mnras},
	keywords = {supernovae: general, dark energy, supernovae: general - dark energy},
	month = nov,
	pages = {273-288},
	title = {{OzDES multifibre spectroscopy for the Dark Energy Survey: 3-yr results and first data release}},
	volume = 472,
	year = 2017,
	Bdsk-Url-1 = {https://doi.org/10.1093/mnras/stx1872}}

@article{gu17,
	adsnote = {Provided by the SAO/NASA Astrophysics Data System},
	adsurl = {http://adsabs.harvard.edu/abs/2017arXiv170907003G},
	archiveprefix = {arXiv},
	author = {{Gu}, M. and {Conroy}, C. and {Law}, D. and {van Dokkum}, P. and {Yan}, R. and {Wake}, D. and {Bundy}, K. and {Merritt}, A. and {Abraham}, R. and {Zhang}, J. and {Bershady}, M. and {Bizyaev}, D. and {Brinkmann}, J. and {Drory}, N. and {Grabowski}, K. and {Masters}, K. and {Pan}, K. and {Parejko}, J. and {Weijmans}, A.-M. and {Zhang}, K.},
	date-added = {2019-11-25 20:35:53 -0800},
	date-modified = {2019-11-25 20:35:53 -0800},
	eprint = {1709.07003},
	journal = {ArXiv e-prints},
	keywords = {Astrophysics - Astrophysics of Galaxies},
	month = sep,
	title = {{Low Metallicities and Old Ages for Three Ultra-Diffuse Galaxies in the Coma Cluster}},
	year = 2017}

@article{Corlies:2018aa,
	author = {{Corlies}, L. and {Peeples}, M.~S. and {Tumlinson}, J. and {O'Shea}, B.~W. and {Lehner}, N. and {Howk}, J.~C. and {O'Meara}, J.~M.},
	date-modified = {2019-11-04 09:08:14 -0800},
	journal = {arXiv e-prints},
	month = nov,
	title = {{Figuring Out Gas {\&} Galaxies in Enzo (FOGGIE). II. Emission from the z=3 Circumgalactic Medium}},
	year = 2018}

@article{cherinka19,
	adsnote = {Provided by the SAO/NASA Astrophysics Data System},
	adsurl = {https://ui.adsabs.harvard.edu/abs/2019AJ....158...74C},
	archiveprefix = {arXiv},
	author = {{Cherinka}, Brian and {Andrews}, Brett H. and {S{\'a}nchez-Gallego}, Jos{\'e} and {Brownstein}, Joel and {Argudo-Fern{\'a}ndez}, Mar{\'\i}a and {Blanton}, Michael and {Bundy}, Kevin and {Jones}, Amy and {Masters}, Karen and {Law}, David R. and {Rowlands}, Kate and {Weijmans}, Anne-Marie and {Westfall}, Kyle and {Yan}, Renbin},
	date-added = {2019-10-29 10:11:38 -0700},
	date-modified = {2019-10-29 10:11:39 -0700},
	doi = {10.3847/1538-3881/ab2634},
	eid = {74},
	eprint = {1812.03833},
	journal = {\aj},
	keywords = {astronomical databases: miscellaneous, methods: data analysis, surveys, Astrophysics - Instrumentation and Methods for Astrophysics, Astrophysics - Astrophysics of Galaxies},
	month = {Aug},
	number = {2},
	pages = {74},
	primaryclass = {astro-ph.IM},
	title = {{Marvin: A Tool Kit for Streamlined Access and Visualization of the SDSS-IV MaNGA Data Set}},
	volume = {158},
	year = {2019},
	Bdsk-Url-1 = {https://doi.org/10.3847/1538-3881/ab2634}}

@article{westfall19,
	adsnote = {Provided by the SAO/NASA Astrophysics Data System},
	adsurl = {https://ui.adsabs.harvard.edu/abs/2019AJ....158..231W},
	archiveprefix = {arXiv},
	author = {{Westfall}, Kyle B. and {Cappellari}, Michele and {Bershady}, Matthew A. and {Bundy}, Kevin and {Belfiore}, Francesco and {Ji}, Xihan and {Law}, David R. and {Schaefer}, Adam and {Shetty}, Shravan and {Tremonti}, Christy A. and {Yan}, Renbin and {Andrews}, Brett H. and {Brownstein}, Joel R. and {Cherinka}, Brian and {Coccato}, Lodovico and {Drory}, Niv and {Maraston}, Claudia and {Parikh}, Taniya and {S{\'a}nchez-Gallego}, Jos{\'e} R. and {Thomas}, Daniel and {Weijmans}, Anne-Marie and {Barrera-Ballesteros}, Jorge and {Du}, Cheng and {Goddard}, Daniel and {Li}, Niu and {Masters}, Karen and {Ibarra Medel}, H{\'e}ctor Javier and {S{\'a}nchez}, Sebasti{\'a}n F. and {Yang}, Meng and {Zheng}, Zheng and {Zhou}, Shuang},
	doi = {10.3847/1538-3881/ab44a2},
	eid = {231},
	eprint = {1901.00856},
	journal = {\aj},
	keywords = {methods: data analysis, techniques: imaging spectroscopy, surveys, galaxies: general, galaxies: fundamental parameters, Astrophysics - Astrophysics of Galaxies},
	month = {Dec},
	number = {6},
	pages = {231},
	primaryclass = {astro-ph.GA},
	title = {{The Data Analysis Pipeline for the SDSS-IV MaNGA IFU Galaxy Survey: Overview}},
	volume = {158},
	year = {2019},
	Bdsk-Url-1 = {https://doi.org/10.3847/1538-3881/ab44a2}}

@article{dorman12,
	adsnote = {Provided by the SAO/NASA Astrophysics Data System},
	adsurl = {https://ui.adsabs.harvard.edu/abs/2012ApJ...752..147D},
	archiveprefix = {arXiv},
	author = {{Dorman}, Claire E. and {Guhathakurta}, Puragra and {Fardal}, Mark A. and {Lang}, Dustin and {Geha}, Marla C. and {Howley}, Kirsten M. and {Kalirai}, Jason S. and {Bullock}, James S. and {Cuilland re}, Jean-Charles and {Dalcanton}, Julianne J. and {Gilbert}, Karoline M. and {Seth}, Anil C. and {Tollerud}, Erik J. and {Williams}, Benjamin F. and {Yniguez}, Basilio},
	date-added = {2019-10-23 15:16:55 -0700},
	date-modified = {2019-10-23 15:16:56 -0700},
	doi = {10.1088/0004-637X/752/2/147},
	eid = {147},
	eprint = {1204.4455},
	journal = {\apj},
	keywords = {galaxies: individual: M31, galaxies: kinematics and dynamics, galaxies: spiral, Local Group, techniques: spectroscopic, Astrophysics - Astrophysics of Galaxies, Astrophysics - Cosmology and Nongalactic Astrophysics},
	month = {Jun},
	number = {2},
	pages = {147},
	primaryclass = {astro-ph.GA},
	title = {{The SPLASH Survey: Kinematics of Andromeda's Inner Spheroid}},
	volume = {752},
	year = {2012},
	Bdsk-Url-1 = {https://doi.org/10.1088/0004-637X/752/2/147}}

@article{ferreras2013,
	adsnote = {Provided by the SAO/NASA Astrophysics Data System},
	adsurl = {http://adsabs.harvard.edu/abs/2013MNRAS.429L..15F},
	archiveprefix = {arXiv},
	author = {{Ferreras}, I. and {La Barbera}, F. and {de la Rosa}, I.~G. and {Vazdekis}, A. and {de Carvalho}, R.~R. and {Falc{\'o}n-Barroso}, J. and {Ricciardelli}, E.},
	date-added = {2019-09-11 09:53:50 -0700},
	date-modified = {2019-09-11 09:53:50 -0700},
	doi = {10.1093/mnrasl/sls014},
	eprint = {1206.1594},
	journal = {\mnras},
	keywords = {galaxies: elliptical and lenticular, cD, galaxies: evolution, galaxies: formation, galaxies: fundamental parameters, galaxies: stellar content},
	month = feb,
	pages = {L15-L19},
	primaryclass = {astro-ph.CO},
	title = {{Systematic variation of the stellar initial mass function with velocity dispersion in early-type galaxies}},
	volume = 429,
	year = 2013,
	Bdsk-Url-1 = {http://dx.doi.org/10.1093/mnrasl/sls014}}

@article{conroy14,
	adsnote = {Provided by the SAO/NASA Astrophysics Data System},
	adsurl = {http://adsabs.harvard.edu/abs/2014ApJ...780...33C},
	archiveprefix = {arXiv},
	author = {{Conroy}, C. and {Graves}, G.~J. and {van Dokkum}, P.~G.},
	date-added = {2019-09-11 09:52:40 -0700},
	date-modified = {2019-09-11 09:52:40 -0700},
	doi = {10.1088/0004-637X/780/1/33},
	eid = {33},
	eprint = {1303.6629},
	journal = {\apj},
	keywords = {galaxies: abundances, galaxies: stellar content},
	month = jan,
	pages = {33},
	primaryclass = {astro-ph.CO},
	title = {{Early-type Galaxy Archeology: Ages, Abundance Ratios, and Effective Temperatures from Full-spectrum Fitting}},
	volume = 780,
	year = 2014,
	Bdsk-Url-1 = {http://dx.doi.org/10.1088/0004-637X/780/1/33}}

@article{johansson12,
	adsnote = {Provided by the SAO/NASA Astrophysics Data System},
	adsurl = {http://adsabs.harvard.edu/abs/2012MNRAS.421.1908J},
	archiveprefix = {arXiv},
	author = {{Johansson}, J. and {Thomas}, D. and {Maraston}, C.},
	date-added = {2019-09-11 09:52:24 -0700},
	date-modified = {2019-09-11 09:52:24 -0700},
	doi = {10.1111/j.1365-2966.2011.20316.x},
	eprint = {1112.0322},
	journal = {\mnras},
	keywords = {galaxies: abundances, galaxies: elliptical and lenticular, cD, galaxies: evolution},
	month = apr,
	pages = {1908-1926},
	primaryclass = {astro-ph.CO},
	title = {{Chemical element ratios of Sloan Digital Sky Survey early-type galaxies}},
	volume = 421,
	year = 2012,
	Bdsk-Url-1 = {http://dx.doi.org/10.1111/j.1365-2966.2011.20316.x}}

@article{kauffmann03a,
	adsnote = {Provided by the SAO/NASA Astrophysics Data System},
	adsurl = {http://adsabs.harvard.edu/abs/2003MNRAS.341...33K},
	author = {{Kauffmann}, G. and others},
	date-added = {2019-09-11 09:52:14 -0700},
	date-modified = {2019-09-11 09:52:14 -0700},
	doi = {10.1046/j.1365-8711.2003.06291.x},
	eprint = {astro-ph/0204055},
	journal = {\mnras},
	keywords = {galaxies: evolution, galaxies: formation, galaxies: stellar content},
	month = may,
	pages = {33-53},
	title = {{Stellar masses and star formation histories for 10$^{5}$ galaxies from the Sloan Digital Sky Survey}},
	volume = 341,
	year = 2003,
	Bdsk-Url-1 = {http://dx.doi.org/10.1046/j.1365-8711.2003.06291.x}}

@article{yan16,
	adsnote = {Provided by the SAO/NASA Astrophysics Data System},
	adsurl = {http://adsabs.harvard.edu/abs/2016AJ....152..197Y},
	archiveprefix = {arXiv},
	author = {{Yan}, R. and {Bundy}, K. and {Law}, D.~R. and {Bershady}, M.~A. and {Andrews}, B. and {Cherinka}, B. and {Diamond-Stanic}, A.~M. and {Drory}, N. and {MacDonald}, N. and {S{\'a}nchez-Gallego}, J.~R. and {Thomas}, D. and {Wake}, D.~A. and {Weijmans}, A.-M. and {Westfall}, K.~B. and {Zhang}, K. and {Arag{\'o}n-Salamanca}, A. and {Belfiore}, F. and {Bizyaev}, D. and {Blanc}, G.~A. and {Blanton}, M.~R. and {Brownstein}, J. and {Cappellari}, M. and {D'Souza}, R. and {Emsellem}, E. and {Fu}, H. and {Gaulme}, P. and {Graham}, M.~T. and {Goddard}, D. and {Gunn}, J.~E. and {Harding}, P. and {Jones}, A. and {Kinemuchi}, K. and {Li}, C. and {Li}, H. and {Maiolino}, R. and {Mao}, S. and {Maraston}, C. and {Masters}, K. and {Merrifield}, M.~R. and {Oravetz}, D. and {Pan}, K. and {Parejko}, J.~K. and {Sanchez}, S.~F. and {Schlegel}, D. and {Simmons}, A. and {Thanjavur}, K. and {Tinker}, J. and {Tremonti}, C. and {van den Bosch}, R. and {Zheng}, Z.},
	date-added = {2019-09-11 09:51:43 -0700},
	date-modified = {2019-09-11 09:51:43 -0700},
	doi = {10.3847/0004-6256/152/6/197},
	eid = {197},
	eprint = {1607.08613},
	journal = {\aj},
	keywords = {galaxies: evolution, galaxies: general, surveys, techniques: imaging spectroscopy},
	month = dec,
	pages = {197},
	title = {{SDSS-IV MaNGA IFS Galaxy Survey---Survey Design, Execution, and Initial Data Quality}},
	volume = 152,
	year = 2016,
	Bdsk-Url-1 = {http://dx.doi.org/10.3847/0004-6256/152/6/197}}

@article{kennicutt1998,
	adsnote = {Provided by the SAO/NASA Astrophysics Data System},
	adsurl = {http://adsabs.harvard.edu/abs/1998ApJ...498..541K},
	author = {{Kennicutt}, Jr., R.~C.},
	date-added = {2019-09-11 09:51:06 -0700},
	date-modified = {2019-09-11 09:51:06 -0700},
	doi = {10.1086/305588},
	eprint = {astro-ph/9712213},
	journal = {\apj},
	keywords = {GALAXIES: EVOLUTION, GALAXIES: ISM, GALAXIES: SPIRAL, GALAXIES: STELLAR CONTENT, GALAXIES: STARBURST, STARS: FORMATION},
	month = may,
	pages = {541},
	title = {{The Global Schmidt Law in Star-forming Galaxies}},
	volume = 498,
	year = 1998,
	Bdsk-Url-1 = {http://dx.doi.org/10.1086/305588}}

@article{calzetti01,
	adsnote = {Provided by the SAO/NASA Astrophysics Data System},
	adsurl = {http://adsabs.harvard.edu/abs/2001PASP..113.1449C},
	author = {{Calzetti}, D.},
	date-added = {2019-09-11 09:50:58 -0700},
	date-modified = {2019-09-11 09:50:58 -0700},
	doi = {10.1086/324269},
	eprint = {astro-ph/0109035},
	journal = {\pasp},
	keywords = {ISM: Dust, Extinction, Galaxies: ISM, Galaxies: Starburst, infrared: galaxies, ultraviolet: galaxies},
	month = dec,
	pages = {1449-1485},
	title = {{The Dust Opacity of Star-forming Galaxies}},
	volume = 113,
	year = 2001,
	Bdsk-Url-1 = {http://dx.doi.org/10.1086/324269}}

@article{vanzee1996,
	adsnote = {Provided by the SAO/NASA Astrophysics Data System},
	adsurl = {http://adsabs.harvard.edu/abs/1996AJ....112..129V},
	author = {{van Zee}, L. and {Haynes}, M.~P. and {Salzer}, J.~J. and {Broeils}, A.~H.},
	date-added = {2019-09-11 09:50:49 -0700},
	date-modified = {2019-09-11 09:50:49 -0700},
	doi = {10.1086/117994},
	journal = {\aj},
	keywords = {GALAXIES: IRREGULAR, GALAXIES: INDIVIDUAL: UGCA 20, GALAXIES: EVOLUTION},
	month = jul,
	pages = {129},
	title = {{Evolutionary Studies of the Low Metallicity Dwarf Irregular Galaxy UGCA 20}},
	volume = 112,
	year = 1996,
	Bdsk-Url-1 = {http://dx.doi.org/10.1086/117994}}

@article{kewley02,
	adsnote = {Provided by the SAO/NASA Astrophysics Data System},
	adsurl = {http://adsabs.harvard.edu/abs/2002ApJS..142...35K},
	author = {{Kewley}, L.~J. and {Dopita}, M.~A.},
	date-added = {2019-09-11 09:50:34 -0700},
	date-modified = {2019-09-11 09:50:34 -0700},
	doi = {10.1086/341326},
	eprint = {astro-ph/0206495},
	journal = {\apjs},
	keywords = {Galaxies: Abundances, Galaxies: Evolution, Galaxies: Starburst, ISM: Abundances},
	month = sep,
	pages = {35-52},
	title = {{Using Strong Lines to Estimate Abundances in Extragalactic H II Regions and Starburst Galaxies}},
	volume = 142,
	year = 2002,
	Bdsk-Url-1 = {http://dx.doi.org/10.1086/341326}}

@inproceedings{ferraro19,
	adsnote = {Provided by the SAO/NASA Astrophysics Data System},
	adsurl = {https://ui.adsabs.harvard.edu/abs/2019BAAS...51c..72F},
	archiveprefix = {arXiv},
	author = {{Ferraro}, Simone and {Wilson}, Michael J.},
	booktitle = {\baas},
	date-added = {2019-07-09 15:44:00 -0700},
	date-modified = {2019-07-09 15:44:00 -0700},
	eid = {72},
	eprint = {1903.09208},
	keywords = {Astrophysics - Cosmology and Nongalactic Astrophysics, Astrophysics - Astrophysics of Galaxies},
	month = {May},
	pages = {72},
	primaryclass = {astro-ph.CO},
	title = {{Inflation and Dark Energy from spectroscopy at z \&gt; 2}},
	volume = {51},
	year = {2019}}

@inproceedings{mandelbaum19,
	adsnote = {Provided by the SAO/NASA Astrophysics Data System},
	adsurl = {https://ui.adsabs.harvard.edu/abs/2019BAAS...51c.363M},
	archiveprefix = {arXiv},
	author = {{Mandelbaum}, Rachel and {Blazek}, J. and {Chisari}, N.~E. and {Collett}, T. and {Galbany}, L. and {Gawiser}, E. and {Hlo{\v{z}}ek}, R.~A. and {Kim}, A.~G. and {Leonard}, C.~D. and {Lochner}, M.},
	booktitle = {\baas},
	date-added = {2019-07-09 15:41:47 -0700},
	date-modified = {2019-07-09 15:41:48 -0700},
	eid = {363},
	eprint = {1903.09323},
	keywords = {Astrophysics - Cosmology and Nongalactic Astrophysics},
	month = {May},
	pages = {363},
	primaryclass = {astro-ph.CO},
	title = {{Wide-field Multi-object Spectroscopy to Enhance Dark Energy Science from LSST}},
	volume = {51},
	year = {2019}}

@inproceedings{newman19,
	adsnote = {Provided by the SAO/NASA Astrophysics Data System},
	adsurl = {https://ui.adsabs.harvard.edu/abs/2019BAAS...51c.358N},
	archiveprefix = {arXiv},
	author = {{Newman}, Jeffrey and {Blazek}, J. and {Chisari}, N.~E. and {Clowe}, D. and {Dell'Antonio}, I. and {Gawiser}, E. and {Hlo{\v{z}}ek}, R.~A. and {Kim}, A.~G. and {von der Linden}, A. and {Lochner}, M.},
	booktitle = {\baas},
	date-added = {2019-07-09 15:39:47 -0700},
	date-modified = {2019-07-09 15:39:47 -0700},
	eid = {358},
	eprint = {1903.09325},
	keywords = {Astrophysics - Cosmology and Nongalactic Astrophysics},
	month = {May},
	pages = {358},
	primaryclass = {astro-ph.CO},
	title = {{Deep Multi-object Spectroscopy to Enhance Dark Energy Science from LSST}},
	volume = {51},
	year = {2019}}

@inproceedings{kartaltepe19,
	adsnote = {Provided by the SAO/NASA Astrophysics Data System},
	adsurl = {https://ui.adsabs.harvard.edu/abs/2019BAAS...51c.395K},
	archiveprefix = {arXiv},
	author = {{Kartaltepe}, Jeyhan and {Casey}, Caitlin and {Dickinson}, Mark and {Hathi}, Nimish and {Koekemoer}, Anton and {Lemaux}, Brian and {Postman}, Marc and {Rudnick}, Gregory},
	booktitle = {\baas},
	date-added = {2019-07-09 15:37:19 -0700},
	date-modified = {2019-07-09 15:37:20 -0700},
	eid = {395},
	eprint = {1903.05026},
	keywords = {Astrophysics - Astrophysics of Galaxies},
	month = {May},
	pages = {395},
	primaryclass = {astro-ph.GA},
	title = {{Assembly of the Most Massive Clusters at Cosmic Noon}},
	volume = {51},
	year = {2019}}

@inproceedings{behroozi19,
	adsnote = {Provided by the SAO/NASA Astrophysics Data System},
	adsurl = {https://ui.adsabs.harvard.edu/abs/2019BAAS...51c.125B},
	archiveprefix = {arXiv},
	author = {{Behroozi}, Peter and {Becker}, Matthew and {Bosch}, Frank C. van den and {Conroy}, Charlie and {Dickinson}, Mark and {Hirata}, Christopher M. and {Hearin}, Andrew and {Leauthaud}, Alexie and {Ly}, Chun and {Mao}, Yao-Yuan},
	booktitle = {\baas},
	date-added = {2019-07-09 15:35:14 -0700},
	date-modified = {2019-07-09 15:35:14 -0700},
	eid = {125},
	eprint = {1903.04509},
	keywords = {Astrophysics - Astrophysics of Galaxies, Astrophysics - Cosmology and Nongalactic Astrophysics},
	month = {May},
	pages = {125},
	primaryclass = {astro-ph.GA},
	title = {{Empirically Constraining Galaxy Evolution}},
	volume = {51},
	year = {2019}}

@inproceedings{li19,
	adsnote = {Provided by the SAO/NASA Astrophysics Data System},
	adsurl = {https://ui.adsabs.harvard.edu/abs/2019BAAS...51c.252L},
	author = {{Li}, Ting and {Kaplinghat}, Manoj and {Pace}, Andrew B. and {Bechtol}, Keith and {Bolton}, Adam S. and {Bovy}, Jo and {Carleton}, Timothy and {Chang}, Chihway and {Courtois}, Helene and {Drlica-Wagner}, Alex},
	booktitle = {\baas},
	date-added = {2019-07-09 15:33:13 -0700},
	date-modified = {2019-07-09 15:33:14 -0700},
	eid = {252},
	month = {May},
	pages = {252},
	title = {{Dark Matter Physics with Wide Field Spectroscopic Surveys}},
	volume = {51},
	year = {2019}}

@inproceedings{sanderson19,
	adsnote = {Provided by the SAO/NASA Astrophysics Data System},
	adsurl = {https://ui.adsabs.harvard.edu/abs/2019BAAS...51c.347S},
	archiveprefix = {arXiv},
	author = {{Sanderson}, Robyn and {Carlin}, Jeff and {Cunningham}, Emily and {Garavito-Camargo}, Nicolas and {Guhathakurta}, Puragra and {Johnston}, Kathryn and {Laporte}, Chervin and {Li}, Ting and {Sohn}, S. Tony and {Anderson}, Jay},
	booktitle = {\baas},
	date-added = {2019-07-09 15:29:46 -0700},
	date-modified = {2019-07-09 15:29:47 -0700},
	eid = {347},
	eprint = {1903.07641},
	keywords = {Astrophysics - Astrophysics of Galaxies, Astrophysics - Cosmology and Nongalactic Astrophysics},
	month = {May},
	pages = {347},
	primaryclass = {astro-ph.GA},
	title = {{The Multidimensional Milky Way}},
	volume = {51},
	year = {2019}}

@inproceedings{dey19,
	adsnote = {Provided by the SAO/NASA Astrophysics Data System},
	adsurl = {https://ui.adsabs.harvard.edu/abs/2019BAAS...51c.489D},
	author = {{Dey}, Arjun and {Najita}, Joan R. and {Koposov}, Sergey and {Rockosi}, Connie and {Li}, Ting and {Olsen}, Knut and {Prieto}, Carlos Allende and {Bonaca}, Ana and {Besla}, Gurtina and {Garavito-Camargo}, Nicolas},
	booktitle = {\baas},
	date-added = {2019-07-09 15:27:29 -0700},
	date-modified = {2019-07-09 15:27:30 -0700},
	eid = {489},
	month = {May},
	pages = {489},
	title = {{Mass Spectroscopy of the Milky Way}},
	volume = {51},
	year = {2019}}

@inproceedings{soukup10,
	adsnote = {Provided by the SAO/NASA Astrophysics Data System},
	adsurl = {https://ui.adsabs.harvard.edu/abs/2010SPIE.7735E..4WS},
	author = {{Soukup}, Ian M. and {Beno}, Joseph H. and {Hayes}, Richard J. and {Heisler}, James T. and {Mock}, Jason R. and {Mollison}, Nicholas T. and {Good}, John M. and {Hill}, Gary J. and {Vattiat}, Brian L. and {Murphy}, Jeremy D.},
	booktitle = {Ground-based and Airborne Instrumentation for Astronomy III},
	date-added = {2019-06-06 20:17:36 -0700},
	date-modified = {2019-06-07 15:06:05 -0700},
	doi = {10.1117/12.856968},
	eid = {77354W},
	month = {Jul},
	pages = {77354W},
	series = {SPIE},
	title = {{Design of the fiber optic support system and fiber bundle accelerated life test for VIRUS}},
	volume = {7735},
	year = {2010},
	Bdsk-Url-1 = {https://doi.org/10.1117/12.856968}}

@inproceedings{poppett16,
	adsnote = {Provided by the SAO/NASA Astrophysics Data System},
	adsurl = {https://ui.adsabs.harvard.edu/abs/2016SPIE.9908E..9AP},
	author = {{Poppett}, Claire and {Sharples}, Ray and {Edelstein}, Jerry and {Schmoll}, J{\"u}rgen and {Bramall}, David and {Fagrelius}, Parker},
	booktitle = {Ground-based and Airborne Instrumentation for Astronomy VI},
	date-added = {2019-06-06 20:15:22 -0700},
	date-modified = {2019-06-07 15:06:54 -0700},
	doi = {10.1117/12.2234553},
	eid = {99089A},
	month = {Aug},
	pages = {99089A},
	series = {SPIE},
	title = {{Fiber system design for the Dark Energy Spectroscopic Instrument (DESI)}},
	volume = {9908},
	year = {2016},
	Bdsk-Url-1 = {https://doi.org/10.1117/12.2234553}}

@article{davidzon19,
	adsnote = {Provided by the SAO/NASA Astrophysics Data System},
	adsurl = {https://ui.adsabs.harvard.edu/abs/2019arXiv190513233D},
	archiveprefix = {arXiv},
	author = {{Davidzon}, Iary and {Laigle}, Clotilde and {Capak}, Peter L. and {Ilbert}, Olivier and {Masters}, Daniel C. and {Hemmati}, Shoubaneh and {Apostolakos}, Nikolaos and {Coupon}, Jean and {de la Torre}, Sylvain and {Devriendt}, Julien},
	date-added = {2019-06-06 14:43:48 -0700},
	date-modified = {2019-06-06 14:43:48 -0700},
	eid = {arXiv:1905.13233},
	eprint = {1905.13233},
	journal = {arXiv e-prints},
	keywords = {Astrophysics - Astrophysics of Galaxies, Astrophysics - Cosmology and Nongalactic Astrophysics},
	month = {May},
	pages = {arXiv:1905.13233},
	primaryclass = {astro-ph.GA},
	title = {{Horizon-AGN virtual observatory - 2: Template-free estimates of galaxy properties from colours}},
	year = {2019}}

@article{salvato19,
	adsnote = {Provided by the SAO/NASA Astrophysics Data System},
	adsurl = {https://ui.adsabs.harvard.edu/abs/2019NatAs...3..212S},
	archiveprefix = {arXiv},
	author = {{Salvato}, Mara and {Ilbert}, Olivier and {Hoyle}, Ben},
	date-added = {2019-06-06 14:42:29 -0700},
	date-modified = {2019-06-06 14:42:29 -0700},
	doi = {10.1038/s41550-018-0478-0},
	eprint = {1805.12574},
	journal = {Nature Astronomy},
	keywords = {Astrophysics - Astrophysics of Galaxies},
	month = {Mar},
	pages = {212-222},
	primaryclass = {astro-ph.GA},
	title = {{The many flavours of photometric redshifts}},
	volume = {3},
	year = {2019},
	Bdsk-Url-1 = {https://doi.org/10.1038/s41550-018-0478-0}}

@article{tumlinson17,
	adsnote = {Provided by the SAO/NASA Astrophysics Data System},
	adsurl = {https://ui.adsabs.harvard.edu/abs/2017ARA&A..55..389T},
	archiveprefix = {arXiv},
	author = {{Tumlinson}, Jason and {Peeples}, Molly S. and {Werk}, Jessica K.},
	date-added = {2019-06-06 14:07:38 -0700},
	date-modified = {2019-06-06 14:42:26 -0700},
	doi = {10.1146/annurev-astro-091916-055240},
	eprint = {1709.09180},
	journal = {\araa},
	keywords = {Astrophysics - Astrophysics of Galaxies},
	month = {Aug},
	number = {1},
	pages = {389-432},
	primaryclass = {astro-ph.GA},
	title = {{The Circumgalactic Medium}},
	volume = {55},
	year = {2017},
	Bdsk-Url-1 = {https://doi.org/10.1146/annurev-astro-091916-055240}}

@article{horowitz19,
	adsnote = {Provided by the SAO/NASA Astrophysics Data System},
	adsurl = {https://ui.adsabs.harvard.edu/abs/2019arXiv190309049H},
	archiveprefix = {arXiv},
	author = {{Horowitz}, Benjamin and {Lee}, Khee-Gan and {White}, Martin and {Krolewski}, Alex and {Ata}, Metin},
	date-added = {2019-06-06 13:54:58 -0700},
	date-modified = {2019-06-06 13:54:59 -0700},
	eid = {arXiv:1903.09049},
	eprint = {1903.09049},
	journal = {arXiv e-prints},
	keywords = {Astrophysics - Cosmology and Nongalactic Astrophysics, Astrophysics - Astrophysics of Galaxies},
	month = {Mar},
	pages = {arXiv:1903.09049},
	primaryclass = {astro-ph.CO},
	title = {{TARDIS Paper I: A Constrained Reconstruction Approach to Modeling the z\raisebox{-0.5ex}\textasciitilde2.5 Cosmic Web Probed by Lyman-alpha Forest Tomography}},
	year = {2019}}

@article{krolewski18,
	adsnote = {Provided by the SAO/NASA Astrophysics Data System},
	adsurl = {https://ui.adsabs.harvard.edu/abs/2018ApJ...861...60K},
	archiveprefix = {arXiv},
	author = {{Krolewski}, A. and {Lee}, K.-G. and {White}, M. and {Hennawi}, J.~F. and {Schlegel}, D.~J. and {Nugent}, P.~E. and {Luki{\'c}}, Z. and {Stark}, C.~W. and {Koekemoer}, A.~M. and {Le F{\`e}vre}, O. and {Lemaux}, B.~C. and {Maier}, C. and {Rich}, R.~M. and {Salvato}, M. and {Tasca}, L.},
	date-added = {2019-06-06 13:54:16 -0700},
	date-modified = {2019-06-06 13:54:16 -0700},
	doi = {10.3847/1538-4357/aac829},
	eid = {60},
	eprint = {1710.02612},
	journal = {\apj},
	keywords = {cosmology: observations, intergalactic medium, large-scale structure of universe, quasars: absorption lines},
	month = jul,
	pages = {60},
	title = {{Detection of z {\tilde} 2.3 Cosmic Voids from 3D Ly{$\alpha$} Forest Tomography in the COSMOS Field}},
	volume = 861,
	year = 2018,
	Bdsk-Url-1 = {https://doi.org/10.3847/1538-4357/aac829}}

@article{lee16,
	adsnote = {Provided by the SAO/NASA Astrophysics Data System},
	adsurl = {https://ui.adsabs.harvard.edu/abs/2016ApJ...817..160L},
	archiveprefix = {arXiv},
	author = {{Lee}, K.-G. and {Hennawi}, J.~F. and {White}, M. and {Prochaska}, J.~X. and {Font-Ribera}, A. and {Schlegel}, D.~J. and {Rich}, R.~M. and {Suzuki}, N. and {Stark}, C.~W. and {Le F{\`e}vre}, O. and {Nugent}, P.~E. and {Salvato}, M. and {Zamorani}, G.},
	date-added = {2019-06-06 13:53:17 -0700},
	date-modified = {2019-06-06 13:53:18 -0700},
	doi = {10.3847/0004-637X/817/2/160},
	eid = {160},
	eprint = {1509.02833},
	journal = {\apj},
	keywords = {cosmology: observations, galaxies: clusters: general, galaxies: high-redshift, intergalactic medium, quasars: absorption lines, techniques: spectroscopic},
	month = feb,
	pages = {160},
	title = {{Shadow of a Colossus: A z = 2.44 Galaxy Protocluster Detected in 3D Ly{$\alpha$} Forest Tomographic Mapping of the COSMOS Field}},
	volume = 817,
	year = 2016,
	Bdsk-Url-1 = {https://doi.org/10.3847/0004-637X/817/2/160}}

@article{mse2018,
	adsnote = {Provided by the SAO/NASA Astrophysics Data System},
	adsurl = {https://ui.adsabs.harvard.edu/abs/2018arXiv181008695H},
	archiveprefix = {arXiv},
	author = {{Hill}, Alexis and {Flagey}, Nicolas and {McConnachie}, Alan and {Szeto}, Kei and {Anthony}, Andre and {Ari{\~n}o}, Javier and {Babas}, Ferdinand and {Bagnoud}, Gregoire and {Baker}, Gabriella and {Barrick}, Gregory},
	eid = {arXiv:1810.08695},
	eprint = {1810.08695},
	journal = {arXiv e-prints},
	keywords = {Astrophysics - Instrumentation and Methods for Astrophysics},
	month = {Oct},
	pages = {arXiv:1810.08695},
	primaryclass = {astro-ph.IM},
	title = {{The Maunakea Spectroscopic Explorer Book 2018}},
	year = {2018}}

@article{huff13,
	adsnote = {Provided by the SAO/NASA Astrophysics Data System},
	adsurl = {https://ui.adsabs.harvard.edu/abs/2013arXiv1311.1489H},
	archiveprefix = {arXiv},
	author = {{Huff}, Eric M. and {Krause}, Elisabeth and {Eifler}, Tim and {Fang}, Xiao and {George}, Matthew R. and {Schlegel}, David},
	date-added = {2019-06-04 10:58:15 -0700},
	date-modified = {2019-06-04 10:58:16 -0700},
	eid = {arXiv:1311.1489},
	eprint = {1311.1489},
	journal = {arXiv e-prints},
	keywords = {Astrophysics - Cosmology and Nongalactic Astrophysics},
	month = {Nov},
	pages = {arXiv:1311.1489},
	primaryclass = {astro-ph.CO},
	title = {{Cosmic shear without shape noise}},
	year = {2013}}

@article{wilson19,
	adsnote = {Provided by the SAO/NASA Astrophysics Data System},
	adsurl = {https://ui.adsabs.harvard.edu/abs/2019arXiv190413378W},
	archiveprefix = {arXiv},
	author = {{Wilson}, Michael J. and {White}, Martin},
	date-added = {2019-06-04 09:21:27 -0700},
	date-modified = {2019-06-04 09:21:28 -0700},
	eid = {arXiv:1904.13378},
	eprint = {1904.13378},
	journal = {arXiv e-prints},
	keywords = {Astrophysics - Cosmology and Nongalactic Astrophysics, Astrophysics - Astrophysics of Galaxies},
	month = {Apr},
	pages = {arXiv:1904.13378},
	primaryclass = {astro-ph.CO},
	title = {{Cosmology with dropout selection: Straw-man surveys and CMB lensing}},
	year = {2019}}

@article{steidel14,
	adsnote = {Provided by the SAO/NASA Astrophysics Data System},
	adsurl = {https://ui.adsabs.harvard.edu/abs/2014ApJ...795..165S},
	archiveprefix = {arXiv},
	author = {{Steidel}, C.~C. and {Rudie}, G.~C. and {Strom}, A.~L. and {Pettini}, M. and {Reddy}, N.~A. and {Shapley}, A.~E. and {Trainor}, R.~F. and {Erb}, D.~K. and {Turner}, M.~L. and {Konidaris}, N.~P. and {Kulas}, K.~R. and {Mace}, G. and {Matthews}, K. and {McLean}, I.~S.},
	date-added = {2019-06-03 15:56:55 -0700},
	date-modified = {2019-06-03 15:56:56 -0700},
	doi = {10.1088/0004-637X/795/2/165},
	eid = {165},
	eprint = {1405.5473},
	journal = {\apj},
	keywords = {cosmology: observations, galaxies: abundances, galaxies: evolution, galaxies: formation, galaxies: fundamental parameters, galaxies: high-redshift, galaxies: starburst, instrumentation: spectrographs},
	month = nov,
	pages = {165},
	title = {{Strong Nebular Line Ratios in the Spectra of z \~{} 2-3 Star Forming Galaxies: First Results from KBSS-MOSFIRE}},
	volume = 795,
	year = 2014,
	Bdsk-Url-1 = {https://doi.org/10.1088/0004-637X/795/2/165}}

@article{kasen2017,
	adsnote = {Provided by the SAO/NASA Astrophysics Data System},
	adsurl = {https://ui.adsabs.harvard.edu/abs/2017Natur.551...80K},
	archiveprefix = {arXiv},
	author = {{Kasen}, Daniel and {Metzger}, Brian and {Barnes}, Jennifer and {Quataert}, Eliot and {Ramirez-Ruiz}, Enrico},
	doi = {10.1038/nature24453},
	eprint = {1710.05463},
	journal = {\nat},
	keywords = {Astrophysics - High Energy Astrophysical Phenomena},
	month = nov,
	number = {7678},
	pages = {80-84},
	primaryclass = {astro-ph.HE},
	title = {{Origin of the heavy elements in binary neutron-star mergers from a gravitational-wave event}},
	volume = {551},
	year = 2017,
	Bdsk-Url-1 = {https://doi.org/10.1038/nature24453}}

@article{kriek15,
	adsnote = {Provided by the SAO/NASA Astrophysics Data System},
	adsurl = {https://ui.adsabs.harvard.edu/abs/2015ApJS..218...15K},
	archiveprefix = {arXiv},
	author = {{Kriek}, M. and {Shapley}, A.~E. and {Reddy}, N.~A. and {Siana}, B. and {Coil}, A.~L. and {Mobasher}, B. and {Freeman}, W.~R. and {de Groot}, L. and {Price}, S.~H. and {Sanders}, R. and {Shivaei}, I. and {Brammer}, G.~B. and {Momcheva}, I.~G. and {Skelton}, R.~E. and {van Dokkum}, P.~G. and {Whitaker}, K.~E. and {Aird}, J. and {Azadi}, M. and {Kassis}, M. and {Bullock}, J.~S. and {Conroy}, C. and {Dav{\'e}}, R. and {Kere{\v s}}, D. and {Krumholz}, M.},
	date-added = {2019-06-03 15:54:17 -0700},
	date-modified = {2019-06-03 15:54:24 -0700},
	doi = {10.1088/0067-0049/218/2/15},
	eid = {15},
	eprint = {1412.1835},
	journal = {\apjs},
	keywords = {galaxies: distances and redshifts, galaxies: evolution, galaxies: formation, galaxies: high-redshift, surveys},
	month = jun,
	pages = {15},
	title = {{The MOSFIRE Deep Evolution Field (MOSDEF) Survey: Rest-frame Optical Spectroscopy for \~{}1500 H-selected Galaxies at 1.37 $\lt$ z $\lt$ 3.8}},
	volume = 218,
	year = 2015,
	Bdsk-Url-1 = {https://doi.org/10.1088/0067-0049/218/2/15}}

@article{law09,
	adsnote = {Provided by the SAO/NASA Astrophysics Data System},
	adsurl = {http://adsabs.harvard.edu/abs/2009ApJ...697.2057L},
	annote = {{abs only}

Argue that kinematics show disturbed systems, but no simple disk/merger dichotomy.  Importance of cold gas!},
	archiveprefix = {arXiv},
	author = {{Law}, D.~R. and {Steidel}, C.~C. and {Erb}, D.~K. and {Larkin}, J.~E. and {Pettini}, M. and {Shapley}, A.~E. and {Wright}, S.~A.},
	date-added = {2019-06-03 15:31:52 -0700},
	date-modified = {2019-06-03 15:31:52 -0700},
	doi = {10.1088/0004-637X/697/2/2057},
	eprint = {0901.2930},
	journal = {\apj},
	keywords = {high-redshift, morphology},
	month = jun,
	pages = {2057-2082},
	title = {{The Kiloparsec-scale Kinematics of High-redshift Star-forming Galaxies}},
	volume = 697,
	year = 2009,
	Bdsk-Url-1 = {http://dx.doi.org/10.1088/0004-637X/697/2/2057}}

@article{erb04,
	adsnote = {Provided by the Smithsonian/NASA Astrophysics Data System},
	adsurl = {http://adsabs.harvard.edu/cgi-bin/nph-bib_query?bibcode=2004ApJ...612..122E&db_key=AST},
	author = {{Erb}, D.~K. and {Steidel}, C.~C. and {Shapley}, A.~E. and {Pettini}, M. and {Adelberger}, K.~L.},
	date-added = {2019-06-03 15:31:22 -0700},
	date-modified = {2019-06-03 15:31:22 -0700},
	doi = {10.1086/422464},
	journal = {\apj},
	month = sep,
	pages = {122-130},
	title = {{The Kinematics of Morphologically Selected z\~{}2 Galaxies in the GOODS-North Field}},
	volume = 612,
	year = 2004,
	Bdsk-Url-1 = {http://dx.doi.org/10.1086/422464}}

@article{miller11,
	adsnote = {Provided by the SAO/NASA Astrophysics Data System},
	adsurl = {http://adsabs.harvard.edu/abs/2011arXiv1102.3911M},
	archiveprefix = {arXiv},
	author = {{Miller}, S.~H. and {Bundy}, K. and {Sullivan}, M. and {Ellis}, R.~S. and {Treu}, T.},
	date-added = {2019-06-03 15:30:49 -0700},
	date-modified = {2019-06-03 15:30:49 -0700},
	eprint = {1102.3911},
	journal = {arXiv e-prints},
	keywords = {Astrophysics - Cosmology and Extragalactic Astrophysics, Astrophysics - Galaxy Astrophysics},
	month = feb,
	primaryclass = {astro-ph.CO},
	title = {{The Assembly History of Disk Galaxies: I - The Tully-Fisher Relation to z\~{}1.3 from Deep Exposures with DEIMOS}},
	year = 2011}

@article{bundy15,
	adsnote = {Provided by the SAO/NASA Astrophysics Data System},
	adsurl = {http://adsabs.harvard.edu/abs/2015ApJ...798....7B},
	archiveprefix = {arXiv},
	author = {{Bundy}, K. and {Bershady}, M.~A. and {Law}, D.~R. and {Yan}, R. and {Drory}, N. and {MacDonald}, N. and {Wake}, D.~A. and {Cherinka}, B. and {S{\'a}nchez-Gallego}, J.~R. and {Weijmans}, A.-M. and {Thomas}, D. and {Tremonti}, C. and {Masters}, K. and {Coccato}, L. and {Diamond-Stanic}, A.~M. and {Arag{\'o}n-Salamanca}, A. and {Avila-Reese}, V. and {Badenes}, C. and {Falc{\'o}n-Barroso}, J. and {Belfiore}, F. and {Bizyaev}, D. and {Blanc}, G.~A. and {Bland-Hawthorn}, J. and {Blanton}, M.~R. and {Brownstein}, J.~R. and {Byler}, N. and {Cappellari}, M. and {Conroy}, C. and {Dutton}, A.~A. and {Emsellem}, E. and {Etherington}, J. and {Frinchaboy}, P.~M. and {Fu}, H. and {Gunn}, J.~E. and {Harding}, P. and {Johnston}, E.~J. and {Kauffmann}, G. and {Kinemuchi}, K. and {Klaene}, M.~A. and {Knapen}, J.~H. and {Leauthaud}, A. and {Li}, C. and {Lin}, L. and {Maiolino}, R. and {Malanushenko}, V. and {Malanushenko}, E. and {Mao}, S. and {Maraston}, C. and {McDermid}, R.~M. and {Merrifield}, M.~R. and {Nichol}, R.~C. and {Oravetz}, D. and {Pan}, K. and {Parejko}, J.~K. and {Sanchez}, S.~F. and {Schlegel}, D. and {Simmons}, A. and {Steele}, O. and {Steinmetz}, M. and {Thanjavur}, K. and {Thompson}, B.~A. and {Tinker}, J.~L. and {van den Bosch}, R.~C.~E. and {Westfall}, K.~B. and {Wilkinson}, D. and {Wright}, S. and {Xiao}, T. and {Zhang}, K.},
	date-added = {2019-06-03 15:21:58 -0700},
	date-modified = {2019-06-03 15:21:58 -0700},
	doi = {10.1088/0004-637X/798/1/7},
	eid = {7},
	eprint = {1412.1482},
	journal = {\apj},
	keywords = {galaxies: evolution, galaxies: general, surveys, techniques: imaging spectroscopy},
	month = jan,
	pages = {7},
	title = {{Overview of the SDSS-IV MaNGA Survey: Mapping nearby Galaxies at Apache Point Observatory}},
	volume = 798,
	year = 2015,
	Bdsk-Url-1 = {http://dx.doi.org/10.1088/0004-637X/798/1/7}}

@inproceedings{asee_peer_31030,
	address = {Salt Lake City, Utah},
	author = {{Barnes}, A. and {Ball}, T. and {Starr}, C.~R. and {Seagroves}, S. and {Perez}, K. and {Hunter}, L.},
	booktitle = {2018 ASEE Annual Conference \& Exposition},
	month = Jun,
	note = {https://peer.asee.org/31030},
	publisher = {ASEE Conferences},
	title = {{Successfully Building a Diverse Telescope Workforce: The Design of the Akamai Internship Program in Hawai'i}},
	year = 2018}

@article{2017AJ....154...28B,
	adsnote = {Provided by the SAO/NASA Astrophysics Data System},
	adsurl = {https://ui.adsabs.harvard.edu/abs/2017AJ....154...28B},
	archiveprefix = {arXiv},
	author = {{Blanton}, Michael R. and {Bershady}, Matthew A. and {Abolfathi}, Bela and {Albareti}, Franco D. and {Allende Prieto}, Carlos and {Almeida}, Andres and {Alonso-Garc{\'\i}a}, Javier and {Anders}, Friedrich and {Anderson}, Scott F. and {Andrews}, Brett and {Aquino-Ort{\'\i}z}, Erik and {Arag{\'o}n-Salamanca}, Alfonso and {Argudo-Fern{\'a}ndez}, Maria and {Armengaud}, Eric and {Aubourg}, Eric and {Avila-Reese}, Vladimir and {Badenes}, Carles and {Bailey}, Stephen and {Barger}, Kathleen A. and {Barrera-Ballesteros}, Jorge and {Bartosz}, Curtis and {Bates}, Dominic and {Baumgarten}, Falk and {Bautista}, Julian and {Beaton}, Rachael and {Beers}, Timothy C. and {Belfiore}, Francesco and {Bender}, Chad F. and {Berlind}, Andreas A. and {Bernardi}, Mariangela and {Beutler}, Florian and {Bird}, Jonathan C. and {Bizyaev}, Dmitry and {Blanc}, Guillermo A. and {Blomqvist}, Michael and {Bolton}, Adam S. and {Boquien}, M{\'e}d{\'e}ric and {Borissova}, Jura and {van den Bosch}, Remco and {Bovy}, Jo and {Brandt}, William N. and {Brinkmann}, Jonathan and {Brownstein}, Joel R. and {Bundy}, Kevin and {Burgasser}, Adam J. and {Burtin}, Etienne and {Busca}, Nicol{\'a}s G. and {Cappellari}, Michele and {Delgado Carigi}, Maria Leticia and {Carlberg}, Joleen K. and {Carnero Rosell}, Aurelio and {Carrera}, Ricardo and {Chanover}, Nancy J. and {Cherinka}, Brian and {Cheung}, Edmond and {G{\'o}mez Maqueo Chew}, Yilen and {Chiappini}, Cristina and {Choi}, Peter Doohyun and {Chojnowski}, Drew and {Chuang}, Chia-Hsun and {Chung}, Haeun and {Cirolini}, Rafael Fernando and {Clerc}, Nicolas and {Cohen}, Roger E. and {Comparat}, Johan and {da Costa}, Luiz and {Cousinou}, Marie-Claude and {Covey}, Kevin and {Crane}, Jeffrey D. and {Croft}, Rupert A.~C. and {Cruz-Gonzalez}, Irene and {Garrido Cuadra}, Daniel and {Cunha}, Katia and {Damke}, Guillermo J. and {Darling}, Jeremy and {Davies}, Roger and {Dawson}, Kyle and {de la Macorra}, Axel and {Dell'Agli}, Flavia and {De Lee}, Nathan and {Delubac}, Timoth{\'e}e and {Di Mille}, Francesco and {Diamond-Stanic}, Aleks and {Cano-D{\'\i}az}, Mariana and {Donor}, John and {Downes}, Juan Jos{\'e} and {Drory}, Niv and {du Mas des Bourboux}, H{\'e}lion and {Duckworth}, Christopher J. and {Dwelly}, Tom and {Dyer}, Jamie and {Ebelke}, Garrett and {Eigenbrot}, Arthur D. and {Eisenstein}, Daniel J. and {Emsellem}, Eric and {Eracleous}, Mike and {Escoffier}, Stephanie and {Evans}, Michael L. and {Fan}, Xiaohui and {Fern{\'a}ndez-Alvar}, Emma and {Fernandez-Trincado}, J.~G. and {Feuillet}, Diane K. and {Finoguenov}, Alexis and {Fleming}, Scott W. and {Font-Ribera}, Andreu and {Fredrickson}, Alexander and {Freischlad}, Gordon and {Frinchaboy}, Peter M. and {Fuentes}, Carla E. and {Galbany}, Llu{\'\i}s and {Garcia-Dias}, R. and {Garc{\'\i}a-Hern{\'a}ndez}, D.~A. and {Gaulme}, Patrick and {Geisler}, Doug and {Gelfand}, Joseph D. and {Gil-Mar{\'\i}n}, H{\'e}ctor and {Gillespie}, Bruce A. and {Goddard}, Daniel and {Gonzalez-Perez}, Violeta and {Grabowski}, Kathleen and {Green}, Paul J. and {Grier}, Catherine J. and {Gunn}, James E. and {Guo}, Hong and {Guy}, Julien and {Hagen}, Alex and {Hahn}, ChangHoon and {Hall}, Matthew and {Harding}, Paul and {Hasselquist}, Sten and {Hawley}, Suzanne L. and {Hearty}, Fred and {Gonzalez Hern{\'a}ndez}, Jonay I. and {Ho}, Shirley and {Hogg}, David W. and {Holley-Bockelmann}, Kelly and {Holtzman}, Jon A. and {Holzer}, Parker H. and {Huehnerhoff}, Joseph and {Hutchinson}, Timothy A. and {Hwang}, Ho Seong and {Ibarra-Medel}, H{\'e}ctor J. and {da Silva Ilha}, Gabriele and {Ivans}, Inese I. and {Ivory}, KeShawn and {Jackson}, Kelly and {Jensen}, Trey W. and {Johnson}, Jennifer A. and {Jones}, Amy and {J{\"o}nsson}, Henrik and {Jullo}, Eric and {Kamble}, Vikrant and {Kinemuchi}, Karen and {Kirkby}, David and {Kitaura}, Francisco-Shu and {Klaene}, Mark and {Knapp}, Gillian R. and {Kneib}, Jean-Paul and {Kollmeier}, Juna A. and {Lacerna}, Ivan and {Lane}, Richard R. and {Lang}, Dustin and {Law}, David R. and {Lazarz}, Daniel and {Lee}, Youngbae and {Le Goff}, Jean-Marc and {Liang}, Fu-Heng and {Li}, Cheng and {Li}, Hongyu and {Lian}, Jianhui and {Lima}, Marcos and {Lin}, Lihwai and {Lin}, Yen-Ting and {Bertran de Lis}, Sara and {Liu}, Chao and {de Icaza Lizaola}, Miguel Angel C. and {Long}, Dan and {Lucatello}, Sara and {Lundgren}, Britt and {MacDonald}, Nicholas K. and {Deconto Machado}, Alice and {MacLeod}, Chelsea L. and {Mahadevan}, Suvrath and {Geimba Maia}, Marcio Antonio and {Maiolino}, Roberto and {Majewski}, Steven R. and {Malanushenko}, Elena and {Malanushenko}, Viktor and {Manchado}, Arturo and {Mao}, Shude and {Maraston}, Claudia and {Marques-Chaves}, Rui and {Masseron}, Thomas and {Masters}, Karen L. and {McBride}, Cameron K. and {McDermid}, Richard M. and {McGrath}, Brianne and {McGreer}, Ian D. and {Medina Pe{\~n}a}, Nicol{\'a}s and {Melendez}, Matthew and {Merloni}, Andrea and {Merrifield}, Michael R. and {Meszaros}, Szabolcs and {Meza}, Andres and {Minchev}, Ivan and {Minniti}, Dante and {Miyaji}, Takamitsu and {More}, Surhud and {Mulchaey}, John and {M{\"u}ller-S{\'a}nchez}, Francisco and {Muna}, Demitri and {Munoz}, Ricardo R. and {Myers}, Adam D. and {Nair}, Preethi and {Nandra}, Kirpal and {Correa do Nascimento}, Janaina and {Negrete}, Alenka and {Ness}, Melissa and {Newman}, Jeffrey A. and {Nichol}, Robert C. and {Nidever}, David L. and {Nitschelm}, Christian and {Ntelis}, Pierros and {O'Connell}, Julia E. and {Oelkers}, Ryan J. and {Oravetz}, Audrey and {Oravetz}, Daniel and {Pace}, Zach and {Padilla}, Nelson and {Palanque-Delabrouille}, Nathalie and {Alonso Palicio}, Pedro and {Pan}, Kaike and {Parejko}, John K. and {Parikh}, Taniya and {P{\^a}ris}, Isabelle and {Park}, Changbom and {Patten}, Alim Y. and {Peirani}, Sebastien and {Pellejero-Ibanez}, Marcos and {Penny}, Samantha and {Percival}, Will J. and {Perez-Fournon}, Ismael and {Petitjean}, Patrick and {Pieri}, Matthew M. and {Pinsonneault}, Marc and {Pisani}, Alice and {Poleski}, Rados{\l}aw and {Prada}, Francisco and {Prakash}, Abhishek and {Queiroz}, Anna B{\'a}rbara de Andrade and {Raddick}, M. Jordan and {Raichoor}, Anand and {Barboza Rembold}, Sand ro and {Richstein}, Hannah and {Riffel}, Rogemar A. and {Riffel}, Rog{\'e}rio and {Rix}, Hans-Walter and {Robin}, Annie C. and {Rockosi}, Constance M. and {Rodr{\'\i}guez-Torres}, Sergio and {Roman-Lopes}, A. and {Rom{\'a}n-Z{\'u}{\~n}iga}, Carlos and {Rosado}, Margarita and {Ross}, Ashley J. and {Rossi}, Graziano and {Ruan}, John and {Ruggeri}, Rossana and {Rykoff}, Eli S. and {Salazar-Albornoz}, Salvador and {Salvato}, Mara and {S{\'a}nchez}, Ariel G. and {Aguado}, D.~S. and {S{\'a}nchez-Gallego}, Jos{\'e} R. and {Santana}, Felipe A. and {Santiago}, Bas{\'\i}lio Xavier and {Sayres}, Conor and {Schiavon}, Ricardo P. and {da Silva Schimoia}, Jaderson and {Schlafly}, Edward F. and {Schlegel}, David J. and {Schneider}, Donald P. and {Schultheis}, Mathias and {Schuster}, William J. and {Schwope}, Axel and {Seo}, Hee-Jong and {Shao}, Zhengyi and {Shen}, Shiyin and {Shetrone}, Matthew and {Shull}, Michael and {Simon}, Joshua D. and {Skinner}, Danielle and {Skrutskie}, M.~F. and {Slosar}, An{\v{z}}e and {Smith}, Verne V. and {Sobeck}, Jennifer S. and {Sobreira}, Flavia and {Somers}, Garrett and {Souto}, Diogo and {Stark}, David V. and {Stassun}, Keivan and {Stauffer}, Fritz and {Steinmetz}, Matthias and {Storchi-Bergmann}, Thaisa and {Streblyanska}, Alina and {Stringfellow}, Guy S. and {Su{\'a}rez}, Genaro and {Sun}, Jing and {Suzuki}, Nao and {Szigeti}, Laszlo and {Taghizadeh-Popp}, Manuchehr and {Tang}, Baitian and {Tao}, Charling and {Tayar}, Jamie and {Tembe}, Mita and {Teske}, Johanna and {Thakar}, Aniruddha R. and {Thomas}, Daniel and {Thompson}, Benjamin A. and {Tinker}, Jeremy L. and {Tissera}, Patricia and {Tojeiro}, Rita and {Hernandez Toledo}, Hector and {de la Torre}, Sylvain and {Tremonti}, Christy and {Troup}, Nicholas W. and {Valenzuela}, Octavio and {Martinez Valpuesta}, Inma and {Vargas-Gonz{\'a}lez}, Jaime and {Vargas-Maga{\~n}a}, Mariana and {Vazquez}, Jose Alberto and {Villanova}, Sandro and {Vivek}, M. and {Vogt}, Nicole and {Wake}, David and {Walterbos}, Rene and {Wang}, Yuting and {Weaver}, Benjamin Alan and {Weijmans}, Anne-Marie and {Weinberg}, David H. and {Westfall}, Kyle B. and {Whelan}, David G. and {Wild}, Vivienne and {Wilson}, John and {Wood-Vasey}, W.~M. and {Wylezalek}, Dominika and {Xiao}, Ting and {Yan}, Renbin and {Yang}, Meng and {Ybarra}, Jason E. and {Y{\`e}che}, Christophe and {Zakamska}, Nadia and {Zamora}, Olga and {Zarrouk}, Pauline and {Zasowski}, Gail and {Zhang}, Kai and {Zhao}, Gong-Bo and {Zheng}, Zheng and {Zheng}, Zheng and {Zhou}, Xu and {Zhou}, Zhi-Min and {Zhu}, Guangtun B. and {Zoccali}, Manuela and {Zou}, Hu},
	doi = {10.3847/1538-3881/aa7567},
	eid = {28},
	eprint = {1703.00052},
	journal = {\aj},
	keywords = {cosmology: observations, galaxies: general, Galaxy: general, instrumentation: spectrographs, stars: general, surveys, Astrophysics - Astrophysics of Galaxies},
	month = {Jul},
	number = {1},
	pages = {28},
	primaryclass = {astro-ph.GA},
	title = {{Sloan Digital Sky Survey IV: Mapping the Milky Way, Nearby Galaxies, and the Distant Universe}},
	volume = {154},
	year = {2017},
	Bdsk-Url-1 = {https://doi.org/10.3847/1538-3881/aa7567}}

@inproceedings{borne09,
	adsnote = {Provided by the SAO/NASA Astrophysics Data System},
	archiveprefix = {arXiv},
	author = {{Borne}, Kirk and {Accomazzi}, Alberto and {Bloom}, Joshua and {Brunner}, Robert and {Burke}, Douglas and {Butler}, Nathaniel and {Chernoff}, David F. and {Connolly}, Brian and {Connolly}, Andrew and {Connors}, Alanna and {Cutler}, Curt and {Desai}, Shantanu and {Djorgovski}, George and {Feigelson}, Eric and {Finn}, L. Samuel and {Freeman}, Peter and {Graham}, Matthew and {Gray}, Norman and {Graziani}, Carlo and {Guinan}, Edward F. and {Hakkila}, Jon and {Jacoby}, Suzanne and {Jefferys}, William and {Kashyap} and {Kelly}, Brandon and {Knuth}, Kevin and {Lamb}, Donald Q. and {Lee}, Hyunsook and {Loredo}, Thomas and {Mahabal}, Ashish and {Mateo}, Mario and {McCollum}, Bruce and {Muench}, August and {Pesenson}, Misha and {Petrosian}, Vahe and {Primini}, Frank and {Protopapas}, Pavlos and {Ptak}, Andy and {Quashnock}, Jean and {Raddick}, M. Jordan and {Rocha}, Graca and {Ross}, Nicholas and {Rottler}, Lee and {Scargle}, Jeffrey and {Siemiginowska}, Aneta and {Song}, Inseok and {Szalay}, Alex and {Tyson}, J. Anthony and {Vestrand}, Tom and {Wallin}, John and {Wandelt}, Ben and {Wasserman}, Ira M. and {Way}, Michael and {Weinberg}, Martin and {Zezas}, Andreas and {Anderes}, Ethan and {Babu}, Jogesh and {Becla}, Jacek and {Berger}, James and {Bickel}, Peter J. and {Clyde}, Merlise and {Davidson}, Ian and {van Dyk}, David and {Eastman}, Timothy and {Efron}, Bradley and {Genovese}, Chris and {Gray}, Alexander and {Jang}, Woncheol and {Kolaczyk}, Eric D. and {Kubica}, Jeremy and {Loh}, Ji Meng and {Meng}, Xiao-Li and {Moore}, Andrew and {Morris}, Robin and {Park}, Taeyoung and {Pike}, Robe and {Rice}, John and {Richards}, Joseph and {Ruppert}, David and {Saito}, Naoki and {Schafer}, Chad and {Stark}, Philip B. and {Stein}, Michael and {Sun}, Jiayang and {Wang}, Daniel and {Wang}, Ziao and {Wasserman}, Larry and {Wegman}, Edward J. and {Willett}, Rebecca and {Wolpert}, Robert and {Woodroofe}, Michael},
	booktitle = {astro2010: The Astronomy and Astrophysics Decadal Survey},
	date-added = {2019-01-31 14:03:55 -0800},
	date-modified = {2019-01-31 14:03:59 -0800},
	eprint = {0909.3892},
	keywords = {Astrophysics - Instrumentation and Methods for Astrophysics, Computer Science - Databases, Computer Science - Digital Libraries, Computer Science - Information Retrieval, Physics - Data Analysis, Statistics and Probability},
	month = Jan,
	pages = {P6},
	primaryclass = {astro-ph.IM},
	title = {{Astroinformatics: A 21st Century Approach to Astronomy}},
	volume = {2010},
	year = 2009}

@article{lsstsciencebook,
	adsnote = {Provided by the SAO/NASA Astrophysics Data System},
	adsurl = {https://ui.adsabs.harvard.edu/abs/2009arXiv0912.0201L},
	archiveprefix = {arXiv},
	author = {{LSST Science Collaboration} and {Abell}, Paul A. and {Allison}, Julius and {Anderson}, Scott F. and {Andrew}, John R. and {Angel}, J. Roger P. and {Armus}, Lee and {Arnett}, David and {Asztalos}, S.~J. and {Axelrod}, Tim S. and {Bailey}, Stephen and {Ballantyne}, D.~R. and {Bankert}, Justin R. and {Barkhouse}, Wayne A. and {Barr}, Jeffrey D. and {Barrientos}, L. Felipe and {Barth}, Aaron J. and {Bartlett}, James G. and {Becker}, Andrew C. and {Becla}, Jacek and {Beers}, Timothy C. and {Bernstein}, Joseph P. and {Biswas}, Rahul and {Blanton}, Michael R. and {Bloom}, Joshua S. and {Bochanski}, John J. and {Boeshaar}, Pat and {Borne}, Kirk D. and {Bradac}, Marusa and {Brandt}, W.~N. and {Bridge}, Carrie R. and {Brown}, Michael E. and {Brunner}, Robert J. and {Bullock}, James S. and {Burgasser}, Adam J. and {Burge}, James H. and {Burke}, David L. and {Cargile}, Phillip A. and {Chand rasekharan}, Srinivasan and {Chartas}, George and {Chesley}, Steven R. and {Chu}, You-Hua and {Cinabro}, David and {Claire}, Mark W. and {Claver}, Charles F. and {Clowe}, Douglas and {Connolly}, A.~J. and {Cook}, Kem H. and {Cooke}, Jeff and {Cooray}, Asantha and {Covey}, Kevin R. and {Culliton}, Christopher S. and {de Jong}, Roelof and {de Vries}, Willem H. and {Debattista}, Victor P. and {Delgado}, Francisco and {Dell'Antonio}, Ian P. and {Dhital}, Saurav and {Di Stefano}, Rosanne and {Dickinson}, Mark and {Dilday}, Benjamin and {Djorgovski}, S.~G. and {Dobler}, Gregory and {Donalek}, Ciro and {Dubois-Felsmann}, Gregory and {Durech}, Josef and {Eliasdottir}, Ardis and {Eracleous}, Michael and {Eyer}, Laurent and {Falco}, Emilio E. and {Fan}, Xiaohui and {Fassnacht}, Christopher D. and {Ferguson}, Harry C. and {Fernandez}, Yanga R. and {Fields}, Brian D. and {Finkbeiner}, Douglas and {Figueroa}, Eduardo E. and {Fox}, Derek B. and {Francke}, Harold and {Frank}, James S. and {Frieman}, Josh and {Fromenteau}, Sebastien and {Furqan}, Muhammad and {Galaz}, Gaspar and {Gal-Yam}, A. and {Garnavich}, Peter and {Gawiser}, Eric and {Geary}, John and {Gee}, Perry and {Gibson}, Robert R. and {Gilmore}, Kirk and {Grace}, Emily A. and {Green}, Richard F. and {Gressler}, William J. and {Grillmair}, Carl J. and {Habib}, Salman and {Haggerty}, J.~S. and {Hamuy}, Mario and {Harris}, Alan W. and {Hawley}, Suzanne L. and {Heavens}, Alan F. and {Hebb}, Leslie and {Henry}, Todd J. and {Hileman}, Edward and {Hilton}, Eric J. and {Hoadley}, Keri and {Holberg}, J.~B. and {Holman}, Matt J. and {Howell}, Steve B. and {Infante}, Leopoldo and {Ivezic}, Zeljko and {Jacoby}, Suzanne H. and {Jain}, Bhuvnesh and {R} and {Jedicke} and {Jee}, M. James and {Garrett Jernigan}, J. and {Jha}, Saurabh W. and {Johnston}, Kathryn V. and {Jones}, R. Lynne and {Juric}, Mario and {Kaasalainen}, Mikko and {Styliani} and {Kafka} and {Kahn}, Steven M. and {Kaib}, Nathan A. and {Kalirai}, Jason and {Kantor}, Jeff and {Kasliwal}, Mansi M. and {Keeton}, Charles R. and {Kessler}, Richard and {Knezevic}, Zoran and {Kowalski}, Adam and {Krabbendam}, Victor L. and {Krughoff}, K. Simon and {Kulkarni}, Shrinivas and {Kuhlman}, Stephen and {Lacy}, Mark and {Lepine}, Sebastien and {Liang}, Ming and {Lien}, Amy and {Lira}, Paulina and {Long}, Knox S. and {Lorenz}, Suzanne and {Lotz}, Jennifer M. and {Lupton}, R.~H. and {Lutz}, Julie and {Macri}, Lucas M. and {Mahabal}, Ashish A. and {Mandelbaum}, Rachel and {Marshall}, Phil and {May}, Morgan and {McGehee}, Peregrine M. and {Meadows}, Brian T. and {Meert}, Alan and {Milani}, Andrea and {Miller}, Christopher J. and {Miller}, Michelle and {Mills}, David and {Minniti}, Dante and {Monet}, David and {Mukadam}, Anjum S. and {Nakar}, Ehud and {Neill}, Douglas R. and {Newman}, Jeffrey A. and {Nikolaev}, Sergei and {Nordby}, Martin and {O'Connor}, Paul and {Oguri}, Masamune and {Oliver}, John and {Olivier}, Scot S. and {Olsen}, Julia K. and {Olsen}, Knut and {Olszewski}, Edward W. and {Oluseyi}, Hakeem and {Padilla}, Nelson D. and {Parker}, Alex and {Pepper}, Joshua and {Peterson}, John R. and {Petry}, Catherine and {Pinto}, Philip A. and {Pizagno}, James L. and {Popescu}, Bogdan and {Prsa}, Andrej and {Radcka}, Veljko and {Raddick}, M. Jordan and {Rasmussen}, Andrew and {Rau}, Arne and {Rho}, Jeonghee and {Rhoads}, James E. and {Richards}, Gordon T. and {Ridgway}, Stephen T. and {Robertson}, Brant E. and {Roskar}, Rok and {Saha}, Abhijit and {Sarajedini}, Ata and {Scannapieco}, Evan and {Schalk}, Terry and {Schindler}, Rafe and {Schmidt}, Samuel and {Schmidt}, Sarah and {Schneider}, Donald P. and {Schumacher}, German and {Scranton}, Ryan and {Sebag}, Jacques and {Seppala}, Lynn G. and {Shemmer}, Ohad and {Simon}, Joshua D. and {Sivertz}, M. and {Smith}, Howard A. and {Allyn Smith}, J. and {Smith}, Nathan and {Spitz}, Anna H. and {Stanford}, Adam and {Stassun}, Keivan G. and {Strader}, Jay and {Strauss}, Michael A. and {Stubbs}, Christopher W. and {Sweeney}, Donald W. and {Szalay}, Alex and {Szkody}, Paula and {Takada}, Masahiro and {Thorman}, Paul and {Trilling}, David E. and {Trimble}, Virginia and {Tyson}, Anthony and {Van Berg}, Richard and {Vand en Berk}, Daniel and {VanderPlas}, Jake and {Verde}, Licia and {Vrsnak}, Bojan and {Walkowicz}, Lucianne M. and {Wand elt}, Benjamin D. and {Wang}, Sheng and {Wang}, Yun and {Warner}, Michael and {Wechsler}, Risa H. and {West}, Andrew A. and {Wiecha}, Oliver and {Williams}, Benjamin F. and {Willman}, Beth and {Wittman}, David and {Wolff}, Sidney C. and {Wood-Vasey}, W. Michael and {Wozniak}, Przemek and {Young}, Patrick and {Zentner}, Andrew and {Zhan}, Hu},
	eid = {arXiv:0912.0201},
	eprint = {0912.0201},
	journal = {arXiv e-prints},
	keywords = {Astrophysics - Instrumentation and Methods for Astrophysics, Astrophysics - Cosmology and Extragalactic Astrophysics, Astrophysics - Earth and Planetary Astrophysics, Astrophysics - Galaxy Astrophysics, Astrophysics - Solar and Stellar Astrophysics},
	month = dec,
	pages = {arXiv:0912.0201},
	primaryclass = {astro-ph.IM},
	title = {{LSST Science Book, Version 2.0}},
	year = 2009}

@book{NAP21722,
	abstract = {New astronomical facilities, such as the under-construction Large Synoptic Survey Telescope and planned 30-meter-class telescopes, and new instrumentation on existing optical and infrared (OIR) telescopes, hold the promise of groundbreaking research and discovery. How can we extract the best science from these and other astronomical facilities in an era of potentially flat federal budgets for both the facilities and the research grants?  Optimizing the U.S. Ground-Based Optical and Infrared Astronomy System provides guidance for these new programs that align with the scientific priorities and the conclusions and recommendations of two National Research Council (NRC) decadal surveys, New Worlds, New Horizons for Astronomy and Astrophysics and Vision and Voyages for Planetary Sciences in the Decade 2013-2022, as well as other NRC reports.\nThis report describes a vision for a U.S. OIR System that includes a telescope time exchange designed to enhance science return by broadening access to capabilities for a diverse community, an ongoing planning process to identify and construct next generation capabilities to realize decadal science priorities, and near-term critical coordination, planning, and instrumentation needed to usher in the era of LSST and giant telescopes.},
	address = {Washington, DC},
	author = {NRC},
	date-added = {2019-01-31 09:44:30 -0800},
	date-modified = {2020-05-17 09:46:55 -0700},
	doi = {10.17226/21722},
	isbn = {978-0-309-37186-5},
	publisher = {The National Academies Press},
	title = {Optimizing the U.S. Ground-Based Optical and Infrared Astronomy System},
	url = {https://www.nap.edu/catalog/21722/optimizing-the-us-ground-based-optical-and-infrared-astronomy-system},
	year = 2015,
	Bdsk-Url-1 = {https://www.nap.edu/catalog/21722/optimizing-the-us-ground-based-optical-and-infrared-astronomy-system},
	Bdsk-Url-2 = {https://doi.org/10.17226/21722}}

@article{2018arXiv180904082C,
	adsnote = {Provided by the SAO/NASA Astrophysics Data System},
	archiveprefix = {arXiv},
	author = {{Cunningham}, Emily C. and {Deason}, Alis J. and {Rockosi}, Constance M. and {Guhathakurta}, Puragra and {Jennings}, Zachary G. and {Kirby}, Evan N. and {Toloba}, Elisa and {Barro}, Guillermo},
	eid = {arXiv:1809.04082},
	eprint = {1809.04082},
	journal = {arXiv e-prints},
	keywords = {Astrophysics - Astrophysics of Galaxies},
	month = {Sep},
	pages = {arXiv:1809.04082},
	primaryclass = {astro-ph.GA},
	title = {{HALO7D I: The Line of Sight Velocities of Distant Main Sequence Stars in the Milky Way Halo}},
	year = {2018}}

@article{2018arXiv181012201C,
	adsnote = {Provided by the SAO/NASA Astrophysics Data System},
	adsurl = {https://ui.adsabs.harvard.edu/abs/2018arXiv181012201C},
	archiveprefix = {arXiv},
	author = {{Cunningham}, Emily C. and {Deason}, Alis J. and {Sanderson}, Robyn E. and {Sohn}, Sangmo Tony and {Anderson}, Jay and {Guhathakurta}, Puragra and {Rockosi}, Constance M. and {van der Marel}, Roeland P. and {Loebman}, Sarah R. and {Wetzel}, Andrew},
	eid = {arXiv:1810.12201},
	eprint = {1810.12201},
	journal = {arXiv e-prints},
	keywords = {Astrophysics - Astrophysics of Galaxies},
	month = {Oct},
	pages = {arXiv:1810.12201},
	primaryclass = {astro-ph.GA},
	title = {{HALO7D II: The Halo Velocity Ellipsoid and Velocity Anisotropy with Distant Main Sequence Stars}},
	year = {2018}}

@inproceedings{2003SPIE.4834..161D,
	adsnote = {Provided by the SAO/NASA Astrophysics Data System},
	adsurl = {https://ui.adsabs.harvard.edu/abs/2003SPIE.4834..161D},
	archiveprefix = {arXiv},
	author = {{Davis}, Marc and {Faber}, Sandra M. and {Newman}, Jeffrey and {Phillips}, Andrew C. and {Ellis}, Richard S. and {Steidel}, Charles C. and {Conselice}, C. and {Coil}, Alison L. and {Finkbeiner}, D.~P. and {Koo}, David C. and {Guhathakurta}, Puragra and {Weiner}, B. and {Schiavon}, Ricardo and {Willmer}, C. and {Kaiser}, Nicholas and {Luppino}, Gerard A. and {Wirth}, Gregory and {Connolly}, Andrew and {Eisenhardt}, Peter and {Cooper}, M. and {Gerke}, B.},
	booktitle = {Discoveries and Research Prospects from 6- to 10-Meter-Class Telescopes II},
	date-modified = {2019-06-07 15:05:49 -0700},
	doi = {10.1117/12.457897},
	editor = {{Guhathakurta}, Puragra},
	eprint = {astro-ph/0209419},
	keywords = {Astrophysics},
	month = {Feb},
	pages = {161-172},
	primaryclass = {astro-ph},
	series = {SPIE},
	title = {{Science Objectives and Early Results of the DEEP2 Redshift Survey}},
	volume = {4834},
	year = {2003},
	Bdsk-Url-1 = {https://doi.org/10.1117/12.457897}}

@article{2013ApJ...779..103D,
	adsnote = {Provided by the SAO/NASA Astrophysics Data System},
	adsurl = {https://ui.adsabs.harvard.edu/abs/2013ApJ...779..103D},
	archiveprefix = {arXiv},
	author = {{Dorman}, Claire E. and {Widrow}, Lawrence M. and {Guhathakurta}, Puragra and {Seth}, Anil C. and {Foreman-Mackey}, Daniel and {Bell}, Eric F. and {Dalcanton}, Julianne J. and {Gilbert}, Karoline M. and {Skillman}, Evan D. and {Williams}, Benjamin F.},
	doi = {10.1088/0004-637X/779/2/103},
	eid = {103},
	eprint = {1310.4179},
	journal = {\apj},
	keywords = {galaxies: kinematics and dynamics, galaxies: spiral, galaxies: structure, Local Group, Astrophysics - Astrophysics of Galaxies, Astrophysics - Cosmology and Nongalactic Astrophysics},
	month = {Dec},
	number = {2},
	pages = {103},
	primaryclass = {astro-ph.GA},
	title = {{A New Approach to Detailed Structural Decomposition from the SPLASH and PHAT Surveys: Kicked-up Disk Stars in the Andromeda Galaxy?}},
	volume = {779},
	year = {2013},
	Bdsk-Url-1 = {https://doi.org/10.1088/0004-637X/779/2/103}}

@article{2015ApJ...803...24D,
	adsnote = {Provided by the SAO/NASA Astrophysics Data System},
	adsurl = {https://ui.adsabs.harvard.edu/abs/2015ApJ...803...24D},
	archiveprefix = {arXiv},
	author = {{Dorman}, Claire E. and {Guhathakurta}, Puragra and {Seth}, Anil C. and {Weisz}, Daniel R. and {Bell}, Eric F. and {Dalcanton}, Julianne J. and {Gilbert}, Karoline M. and {Hamren}, Katherine M. and {Lewis}, Alexia R. and {Skillman}, Evan D. and {Toloba}, Elisa and {Williams}, Benjamin F.},
	doi = {10.1088/0004-637X/803/1/24},
	eid = {24},
	eprint = {1502.03820},
	journal = {\apj},
	keywords = {galaxies: individual: M31, galaxies: kinematics and dynamics, galaxies: spiral, galaxies: stellar content, Astrophysics - Astrophysics of Galaxies},
	month = {Apr},
	number = {1},
	pages = {24},
	primaryclass = {astro-ph.GA},
	title = {{A Clear Age-Velocity Dispersion Correlation in Andromeda{\textquoteright}s Stellar Disk}},
	volume = {803},
	year = {2015},
	Bdsk-Url-1 = {https://doi.org/10.1088/0004-637X/803/1/24}}

@article{2019ApJ...871..120E,
	adsnote = {Provided by the SAO/NASA Astrophysics Data System},
	author = {{Eilers}, Anna-Christina and {Hogg}, David W. and {Rix}, Hans-Walter and {Ness}, Melissa K.},
	doi = {10.3847/1538-4357/aaf648},
	eid = {120},
	journal = {\apj},
	keywords = {catalogs, Galaxy: disk, Galaxy: kinematics and dynamics, methods: statistical, stars: distances, techniques: spectroscopic},
	month = {Jan},
	pages = {120},
	title = {{The Circular Velocity Curve of the Milky Way from 5 to 25 kpc}},
	volume = {871},
	year = {2019},
	Bdsk-Url-1 = {https://doi.org/10.3847/1538-4357/aaf648}}

@article{2011AJ....142...72E,
	adsnote = {Provided by the SAO/NASA Astrophysics Data System},
	adsurl = {https://ui.adsabs.harvard.edu/abs/2011AJ....142...72E},
	archiveprefix = {arXiv},
	author = {{Eisenstein}, Daniel J. and {Weinberg}, David H. and {Agol}, Eric and {Aihara}, Hiroaki and {Allende Prieto}, Carlos and {Anderson}, Scott F. and {Arns}, James A. and {Aubourg}, {\'E}ric and {Bailey}, Stephen and {Balbinot}, Eduardo and {Barkhouser}, Robert and {Beers}, Timothy C. and {Berlind}, Andreas A. and {Bickerton}, Steven J. and {Bizyaev}, Dmitry and {Blanton}, Michael R. and {Bochanski}, John J. and {Bolton}, Adam S. and {Bosman}, Casey T. and {Bovy}, Jo and {Brandt}, W.~N. and {Breslauer}, Ben and {Brewington}, Howard J. and {Brinkmann}, J. and {Brown}, Peter J. and {Brownstein}, Joel R. and {Burger}, Dan and {Busca}, Nicolas G. and {Campbell}, Heather and {Cargile}, Phillip A. and {Carithers}, William C. and {Carlberg}, Joleen K. and {Carr}, Michael A. and {Chang}, Liang and {Chen}, Yanmei and {Chiappini}, Cristina and {Comparat}, Johan and {Connolly}, Natalia and {Cortes}, Marina and {Croft}, Rupert A.~C. and {Cunha}, Katia and {da Costa}, Luiz N. and {Davenport}, James R.~A. and {Dawson}, Kyle and {De Lee}, Nathan and {Porto de Mello}, Gustavo F. and {de Simoni}, Fernand o and {Dean}, Janice and {Dhital}, Saurav and {Ealet}, Anne and {Ebelke}, Garrett L. and {Edmondson}, Edward M. and {Eiting}, Jacob M. and {Escoffier}, Stephanie and {Esposito}, Massimiliano and {Evans}, Michael L. and {Fan}, Xiaohui and {Femen{\'\i}a Castell{\'a}}, Bruno and {Dutra Ferreira}, Leticia and {Fitzgerald}, Greg and {Fleming}, Scott W. and {Font-Ribera}, Andreu and {Ford}, Eric B. and {Frinchaboy}, Peter M. and {Garc{\'\i}a P{\'e}rez}, Ana Elia and {Gaudi}, B. Scott and {Ge}, Jian and {Ghezzi}, Luan and {Gillespie}, Bruce A. and {Gilmore}, G. and {Girardi}, L{\'e}o and {Gott}, J. Richard and {Gould}, Andrew and {Grebel}, Eva K. and {Gunn}, James E. and {Hamilton}, Jean-Christophe and {Harding}, Paul and {Harris}, David W. and {Hawley}, Suzanne L. and {Hearty}, Frederick R. and {Hennawi}, Joseph F. and {Gonz{\'a}lez Hern{\'a}ndez}, Jonay I. and {Ho}, Shirley and {Hogg}, David W. and {Holtzman}, Jon A. and {Honscheid}, Klaus and {Inada}, Naohisa and {Ivans}, Inese I. and {Jiang}, Linhua and {Jiang}, Peng and {Johnson}, Jennifer A. and {Jordan}, Cathy and {Jordan}, Wendell P. and {Kauffmann}, Guinevere and {Kazin}, Eyal and {Kirkby}, David and {Klaene}, Mark A. and {Knapp}, G.~R. and {Kneib}, Jean-Paul and {Kochanek}, C.~S. and {Koesterke}, Lars and {Kollmeier}, Juna A. and {Kron}, Richard G. and {Lampeitl}, Hubert and {Lang}, Dustin and {Lawler}, James E. and {Le Goff}, Jean-Marc and {Lee}, Brian L. and {Lee}, Young Sun and {Leisenring}, Jarron M. and {Lin}, Yen-Ting and {Liu}, Jian and {Long}, Daniel C. and {Loomis}, Craig P. and {Lucatello}, Sara and {Lundgren}, Britt and {Lupton}, Robert H. and {Ma}, Bo and {Ma}, Zhibo and {MacDonald}, Nicholas and {Mack}, Claude and {Mahadevan}, Suvrath and {Maia}, Marcio A.~G. and {Majewski}, Steven R. and {Makler}, Martin and {Malanushenko}, Elena and {Malanushenko}, Viktor and {Mand elbaum}, Rachel and {Maraston}, Claudia and {Margala}, Daniel and {Maseman}, Paul and {Masters}, Karen L. and {McBride}, Cameron K. and {McDonald}, Patrick and {McGreer}, Ian D. and {McMahon}, Richard G. and {Mena Requejo}, Olga and {M{\'e}nard}, Brice and {Miralda-Escud{\'e}}, Jordi and {Morrison}, Heather L. and {Mullally}, Fergal and {Muna}, Demitri and {Murayama}, Hitoshi and {Myers}, Adam D. and {Naugle}, Tracy and {Neto}, Angelo Fausti and {Nguyen}, Duy Cuong and {Nichol}, Robert C. and {Nidever}, David L. and {O'Connell}, Robert W. and {Ogando}, Ricardo L.~C. and {Olmstead}, Matthew D. and {Oravetz}, Daniel J. and {Padmanabhan}, Nikhil and {Paegert}, Martin and {Palanque-Delabrouille}, Nathalie and {Pan}, Kaike and {Pandey}, Parul and {Parejko}, John K. and {P{\^a}ris}, Isabelle and {Pellegrini}, Paulo and {Pepper}, Joshua and {Percival}, Will J. and {Petitjean}, Patrick and {Pfaffenberger}, Robert and {Pforr}, Janine and {Phleps}, Stefanie and {Pichon}, Christophe and {Pieri}, Matthew M. and {Prada}, Francisco and {Price-Whelan}, Adrian M. and {Raddick}, M. Jordan and {Ramos}, Beatriz H.~F. and {Reid}, I. Neill and {Reyle}, Celine and {Rich}, James and {Richards}, Gordon T. and {Rieke}, George H. and {Rieke}, Marcia J. and {Rix}, Hans-Walter and {Robin}, Annie C. and {Rocha-Pinto}, Helio J. and {Rockosi}, Constance M. and {Roe}, Natalie A. and {Rollinde}, Emmanuel and {Ross}, Ashley J. and {Ross}, Nicholas P. and {Rossetto}, Bruno and {S{\'a}nchez}, Ariel G. and {Santiago}, Basilio and {Sayres}, Conor and {Schiavon}, Ricardo and {Schlegel}, David J. and {Schlesinger}, Katharine J. and {Schmidt}, Sarah J. and {Schneider}, Donald P. and {Sellgren}, Kris and {Shelden}, Alaina and {Sheldon}, Erin and {Shetrone}, Matthew and {Shu}, Yiping and {Silverman}, John D. and {Simmerer}, Jennifer and {Simmons}, Audrey E. and {Sivarani}, Thirupathi and {Skrutskie}, M.~F. and {Slosar}, An{\v{z}}e and {Smee}, Stephen and {Smith}, Verne V. and {Snedden}, Stephanie A. and {Stassun}, Keivan G. and {Steele}, Oliver and {Steinmetz}, Matthias and {Stockett}, Mark H. and {Stollberg}, Todd and {Strauss}, Michael A. and {Szalay}, Alexander S. and {Tanaka}, Masayuki and {Thakar}, Aniruddha R. and {Thomas}, Daniel and {Tinker}, Jeremy L. and {Tofflemire}, Benjamin M. and {Tojeiro}, Rita and {Tremonti}, Christy A. and {Vargas Maga{\~n}a}, Mariana and {Verde}, Licia and {Vogt}, Nicole P. and {Wake}, David A. and {Wan}, Xiaoke and {Wang}, Ji and {Weaver}, Benjamin A. and {White}, Martin and {White}, Simon D.~M. and {Wilson}, John C. and {Wisniewski}, John P. and {Wood-Vasey}, W. Michael and {Yanny}, Brian and {Yasuda}, Naoki and {Y{\`e}che}, Christophe and {York}, Donald G. and {Young}, Erick and {Zasowski}, Gail and {Zehavi}, Idit and {Zhao}, Bo},
	doi = {10.1088/0004-6256/142/3/72},
	eid = {72},
	eprint = {1101.1529},
	journal = {\aj},
	keywords = {cosmology: observations, Galaxy: evolution, planets and satellites: detection, surveys, Astrophysics - Instrumentation and Methods for Astrophysics},
	month = {Sep},
	number = {3},
	pages = {72},
	primaryclass = {astro-ph.IM},
	title = {{SDSS-III: Massive Spectroscopic Surveys of the Distant Universe, the Milky Way, and Extra-Solar Planetary Systems}},
	volume = {142},
	year = {2011},
	Bdsk-Url-1 = {https://doi.org/10.1088/0004-6256/142/3/72}}

@article{2011ApJS..197...35G,
	adsnote = {Provided by the SAO/NASA Astrophysics Data System},
	archiveprefix = {arXiv},
	author = {{Grogin}, Norman A. and {Kocevski}, Dale D. and {Faber}, S.~M. and {Ferguson}, Henry C. and {Koekemoer}, Anton M. and {Riess}, Adam G. and {Acquaviva}, Viviana and {Alexander}, David M. and {Almaini}, Omar and {Ashby}, Matthew L.~N. and {Barden}, Marco and {Bell}, Eric F. and {Bournaud}, Fr{\'e}d{\'e}ric and {Brown}, Thomas M. and {Caputi}, Karina I. and {Casertano}, Stefano and {Cassata}, Paolo and {Castellano}, Marco and {Challis}, Peter and {Chary}, Ranga-Ram and {Cheung}, Edmond and {Cirasuolo}, Michele and {Conselice}, Christopher J. and {Roshan Cooray}, Asantha and {Croton}, Darren J. and {Daddi}, Emanuele and {Dahlen}, Tomas and {Dav{\'e}}, Romeel and {de Mello}, Du{\'\i}lia F. and {Dekel}, Avishai and {Dickinson}, Mark and {Dolch}, Timothy and {Donley}, Jennifer L. and {Dunlop}, James S. and {Dutton}, Aaron A. and {Elbaz}, David and {Fazio}, Giovanni G. and {Filippenko}, Alexei V. and {Finkelstein}, Steven L. and {Fontana}, Adriano and {Gardner}, Jonathan P. and {Garnavich}, Peter M. and {Gawiser}, Eric and {Giavalisco}, Mauro and {Grazian}, Andrea and {Guo}, Yicheng and {Hathi}, Nimish P. and {H{\"a}ussler}, Boris and {Hopkins}, Philip F. and {Huang}, Jia-Sheng and {Huang}, Kuang-Han and {Jha}, Saurabh W. and {Kartaltepe}, Jeyhan S. and {Kirshner}, Robert P. and {Koo}, David C. and {Lai}, Kamson and {Lee}, Kyoung-Soo and {Li}, Weidong and {Lotz}, Jennifer M. and {Lucas}, Ray A. and {Madau}, Piero and {McCarthy}, Patrick J. and {McGrath}, Elizabeth J. and {McIntosh}, Daniel H. and {McLure}, Ross J. and {Mobasher}, Bahram and {Moustakas}, Leonidas A. and {Mozena}, Mark and {Nandra}, Kirpal and {Newman}, Jeffrey A. and {Niemi}, Sami- Matias and {Noeske}, Kai G. and {Papovich}, Casey J. and {Pentericci}, Laura and {Pope}, Alexandra and {Primack}, Joel R. and {Rajan}, Abhijith and {Ravindranath}, Swara and {Reddy}, Naveen A. and {Renzini}, Alvio and {Rix}, Hans-Walter and {Robaina}, Aday R. and {Rodney}, Steven A. and {Rosario}, David J. and {Rosati}, Piero and {Salimbeni}, Sara and {Scarlata}, Claudia and {Siana}, Brian and {Simard}, Luc and {Smidt}, Joseph and {Somerville}, Rachel S. and {Spinrad}, Hyron and {Straughn}, Amber N. and {Strolger}, Louis-Gregory and {Telford}, Olivia and {Teplitz}, Harry I. and {Trump}, Jonathan R. and {van der Wel}, Arjen and {Villforth}, Carolin and {Wechsler}, Risa H. and {Weiner}, Benjamin J. and {Wiklind}, Tommy and {Wild}, Vivienne and {Wilson}, Grant and {Wuyts}, Stijn and {Yan}, Hao-Jing and {Yun}, Min S.},
	doi = {10.1088/0067-0049/197/2/35},
	eid = {35},
	eprint = {1105.3753},
	journal = {The Astrophysical Journal Supplement Series},
	keywords = {cosmology: observations, galaxies: high-redshift, Astrophysics - Cosmology and Nongalactic Astrophysics},
	month = Dec,
	pages = {35},
	primaryclass = {astro-ph.CO},
	title = {{CANDELS: The Cosmic Assembly Near-infrared Deep Extragalactic Legacy Survey}},
	volume = {197},
	year = 2011,
	Bdsk-Url-1 = {https://doi.org/10.1088/0067-0049/197/2/35}}

@article{2013ApJ...772...82H,
	adsnote = {Provided by the SAO/NASA Astrophysics Data System},
	adsurl = {https://ui.adsabs.harvard.edu/abs/2013ApJ...772...82H},
	archiveprefix = {arXiv},
	author = {{Harris}, W.~E. and {Harris}, G.~L.~H. and {Alessi}, M.},
	doi = {10.1088/0004-637X/772/2/82},
	eid = {82},
	eprint = {1306.2247},
	journal = {\apj},
	keywords = {galaxies: general, galaxies: star clusters: general, globular clusters: general},
	month = aug,
	pages = {82},
	title = {{A Catalog of Globular Cluster Systems: What Determines the Size of a Galaxy's Globular Cluster Population?}},
	volume = 772,
	year = 2013,
	Bdsk-Url-1 = {https://doi.org/10.1088/0004-637X/772/2/82}}

@article{hemmati18,
	adsnote = {Provided by the SAO/NASA Astrophysics Data System},
	archiveprefix = {arXiv},
	author = {{Hemmati}, S. and {Capak}, P. and {Masters}, D. and {Davidzon}, I. and {Dore}, O. and {Mobasher}, B. and {Rhodes}, J. and {Scolnic}, D. and {Stern}, D.},
	date-added = {2019-01-31 06:08:22 -0800},
	date-modified = {2019-01-31 06:08:22 -0800},
	eprint = {1808.10458},
	journal = {arXiv e-prints},
	keywords = {Astrophysics - Astrophysics of Galaxies},
	month = aug,
	title = {{Photometric redshift calibration requirements for WFIRST Weak Lensing Cosmology: Predictions from CANDELS}},
	year = 2018}

@article{hemmati19,
	adsnote = {Provided by the SAO/NASA Astrophysics Data System},
	adsurl = {https://ui.adsabs.harvard.edu/abs/2019ApJ...881L..14H},
	archiveprefix = {arXiv},
	author = {{Hemmati}, Shoubaneh and {Capak}, Peter and {Pourrahmani}, Milad and {Nayyeri}, Hooshang and {Stern}, Daniel and {Mobasher}, Bahram and {Darvish}, Behnam and {Davidzon}, Iary and {Ilbert}, Olivier and {Masters}, Daniel and {Shahidi}, Abtin},
	doi = {10.3847/2041-8213/ab3418},
	eid = {L14},
	eprint = {1905.10379},
	journal = {\apjl},
	keywords = {galaxies: fundamental parameters, galaxies: statistics, Astrophysics - Astrophysics of Galaxies},
	month = aug,
	number = {1},
	pages = {L14},
	primaryclass = {astro-ph.GA},
	title = {{Bringing Manifold Learning and Dimensionality Reduction to SED Fitters}},
	volume = {881},
	year = 2019,
	Bdsk-Url-1 = {https://doi.org/10.3847/2041-8213/ab3418}}

@article{2017ApJ...836....5H,
	adsnote = {Provided by the SAO/NASA Astrophysics Data System},
	archiveprefix = {arXiv},
	author = {{Ho}, Anna Y.~Q. and {Ness}, Melissa K. and {Hogg}, David W. and {Rix}, Hans-Walter and {Liu}, Chao and {Yang}, Fan and {Zhang}, Yong and {Hou}, Yonghui and {Wang}, Yuefei},
	doi = {10.3847/1538-4357/836/1/5},
	eid = {5},
	eprint = {1602.00303},
	journal = {\apj},
	keywords = {catalogs, methods: data analysis, methods: statistical, stars: abundances, stars: fundamental parameters, techniques: spectroscopic, Astrophysics - Solar and Stellar Astrophysics, Astrophysics - Astrophysics of Galaxies},
	month = {Feb},
	pages = {5},
	primaryclass = {astro-ph.SR},
	title = {{Label Transfer from APOGEE to LAMOST: Precise Stellar Parameters for 450,000 LAMOST Giants}},
	volume = {836},
	year = {2017},
	Bdsk-Url-1 = {https://doi.org/10.3847/1538-4357/836/1/5}}

@article{1990Natur.346...24K,
	adsnote = {Provided by the SAO/NASA Astrophysics Data System},
	author = {{Kohonen}, T.},
	doi = {10.1038/346024b0},
	journal = {\nat},
	month = Jul,
	pages = {24},
	title = {{Cortical maps}},
	volume = {346},
	year = 1990,
	Bdsk-Url-1 = {https://doi.org/10.1038/346024b0}}

@article{2005A&A...439..845L,
	adsnote = {Provided by the SAO/NASA Astrophysics Data System},
	archiveprefix = {arXiv},
	author = {{Le F{\`e}vre}, O. and {Vettolani}, G. and {Garilli}, B. and {Tresse}, L. and {Bottini}, D. and {Le Brun}, V. and {Maccagni}, D. and {Picat}, J.~P. and {Scaramella}, R. and {Scodeggio}, M. and {Zanichelli}, A. and {Adami}, C. and {Arnaboldi}, M. and {Arnouts}, S. and {Bardelli}, S. and {Bolzonella}, M. and {Cappi}, A. and {Charlot}, S. and {Ciliegi}, P. and {Contini}, T. and {Foucaud}, S. and {Franzetti}, P. and {Gavignaud}, I. and {Guzzo}, L. and {Ilbert}, O. and {Iovino}, A. and {McCracken}, H.~J. and {Marano}, B. and {Marinoni}, C. and {Mathez}, G. and {Mazure}, A. and {Meneux}, B. and {Merighi}, R. and {Paltani}, S. and {Pell{\`o}}, R. and {Pollo}, A. and {Pozzetti}, L. and {Radovich}, M. and {Zamorani}, G. and {Zucca}, E. and {Bondi}, M. and {Bongiorno}, A. and {Busarello}, G. and {Lamareille}, F. and {Mellier}, Y. and {Merluzzi}, P. and {Ripepi}, V. and {Rizzo}, D.},
	doi = {10.1051/0004-6361:20041960},
	eprint = {astro-ph/0409133},
	journal = {\aap},
	keywords = {cosmology: observations, galaxies: high-redshift, galaxies: distances and redshift, surveys, galaxies:, evolution, cosmology: large scale structure of Universe, Astrophysics},
	month = Sep,
	pages = {845-862},
	primaryclass = {astro-ph},
	title = {{The VIMOS VLT deep survey. First epoch VVDS-deep survey: 11 564 spectra with 17.5 {\ensuremath{\leq}} IAB {\ensuremath{\leq}} 24, and the redshift distribution over 0 {\ensuremath{\leq}} z {\ensuremath{\leq}} 5}},
	volume = {439},
	year = 2005,
	Bdsk-Url-1 = {https://doi.org/10.1051/0004-6361:20041960}}

@article{laureijs11,
	adsnote = {Provided by the SAO/NASA Astrophysics Data System},
	archiveprefix = {arXiv},
	author = {{Laureijs}, R. and {Amiaux}, J. and {Arduini}, S. and {Augu{\`e}res}, J.~-. and {Brinchmann}, J. and {Cole}, R. and {Cropper}, M. and {Dabin}, C. and {Duvet}, L. and {Ealet}, A. and et al.},
	date-added = {2019-01-31 12:03:28 -0800},
	date-modified = {2019-01-31 12:03:29 -0800},
	eprint = {1110.3193},
	journal = {arXiv e-prints},
	keywords = {Astrophysics - Cosmology and Extragalactic Astrophysics, Astrophysics - Galaxy Astrophysics},
	month = oct,
	primaryclass = {astro-ph.CO},
	title = {{Euclid Definition Study Report}},
	year = 2011}

@article{2019MNRAS.484.3425M,
	adsnote = {Provided by the SAO/NASA Astrophysics Data System},
	archiveprefix = {arXiv},
	author = {{Mart{\'\i}n-Navarro}, Ignacio and {Romanowsky}, Aaron J. and {Brodie}, Jean P. and {Ferr{\'e}-Mateu}, Anna and {Alabi}, Adebusola and {Forbes}, Duncan A. and {Sharina}, Margarita and {Villaume}, Alexa and {Pandya}, Viraj and {Martinez-Delgado}, David},
	doi = {10.1093/mnras/stz252},
	eprint = {1901.08068},
	journal = {\mnras},
	keywords = {galaxies: abundances, galaxies: evolution, galaxies: formation, galaxies: stellar content, Astrophysics - Astrophysics of Galaxies},
	month = {Apr},
	pages = {3425-3433},
	primaryclass = {astro-ph.GA},
	title = {{Extreme chemical abundance ratio suggesting an exotic origin for an ultradiffuse galaxy}},
	volume = {484},
	year = {2019},
	Bdsk-Url-1 = {https://doi.org/10.1093/mnras/stz252}}

@article{masters15,
	adsnote = {Provided by the SAO/NASA Astrophysics Data System},
	archiveprefix = {arXiv},
	author = {{Masters}, D. and {Capak}, P. and {Stern}, D. and {Ilbert}, O. and {Salvato}, M. and {Schmidt}, S. and {Longo}, G. and {Rhodes}, J. and {Paltani}, S. and {Mobasher}, B. and {Hoekstra}, H. and {Hildebrandt}, H. and {Coupon}, J. and {Steinhardt}, C. and {Speagle}, J. and {Faisst}, A. and {Kalinich}, A. and {Brodwin}, M. and {Brescia}, M. and {Cavuoti}, S.},
	date-added = {2019-01-31 12:01:12 -0800},
	date-modified = {2019-01-31 12:01:13 -0800},
	doi = {10.1088/0004-637X/813/1/53},
	eid = {53},
	eprint = {1509.03318},
	journal = {\apj},
	keywords = {dark energy, dark matter, galaxies: distances and redshifts, large-scale structure of universe, methods: statistical},
	month = nov,
	pages = {53},
	title = {{Mapping the Galaxy Color-Redshift Relation: Optimal Photometric Redshift Calibration Strategies for Cosmology Surveys}},
	volume = 813,
	year = 2015,
	Bdsk-Url-1 = {https://doi.org/10.1088/0004-637X/813/1/53}}

@article{masters19,
	adsnote = {Provided by the SAO/NASA Astrophysics Data System},
	adsurl = {https://ui.adsabs.harvard.edu/abs/2019arXiv190406394M},
	archiveprefix = {arXiv},
	author = {{Masters}, Daniel C. and {Stern}, Daniel K. and {Cohen}, Judith G. and {Capak}, Peter L. and {Stanford}, S. Adam and {Hernitschek}, Nina and {Galametz}, Audrey and {Davidzon}, Iary and {Rhodes}, Jason D. and {Sand ers}, Dave and {Mobasher}, Bahram and {Castander}, Francisco and {Pruett}, Kerianne and {Fotopoulou}, Sotiria},
	eid = {arXiv:1904.06394},
	eprint = {1904.06394},
	journal = {arXiv e-prints},
	keywords = {Astrophysics - Astrophysics of Galaxies, Astrophysics - Cosmology and Nongalactic Astrophysics},
	month = {Apr},
	pages = {arXiv:1904.06394},
	primaryclass = {astro-ph.GA},
	title = {{The Complete Calibration of the Color-Redshift Relation (C3R2) Survey: Analysis and Data Release 2}},
	year = {2019}}

@inproceedings{2004SPIE.5495..600M,
	adsnote = {Provided by the SAO/NASA Astrophysics Data System},
	adsurl = {https://ui.adsabs.harvard.edu/abs/2004SPIE.5495..600M},
	author = {{McGrath}, Andrew and {Moore}, Anna},
	booktitle = {Astronomical Structures and Mechanisms Technology},
	date-modified = {2019-06-07 15:07:03 -0700},
	doi = {10.1117/12.550292},
	editor = {{Antebi}, Joseph and {Lemke}, Dietrich},
	month = {Sep},
	pages = {600-610},
	series = {SPIE},
	title = {{Starbug: enabling the smart focal plane}},
	volume = {5495},
	year = {2004},
	Bdsk-Url-1 = {https://doi.org/10.1117/12.550292}}

@article{2015ApJ...808...16N,
	adsnote = {Provided by the SAO/NASA Astrophysics Data System},
	archiveprefix = {arXiv},
	author = {{Ness}, M. and {Hogg}, David W. and {Rix}, H. -W. and {Ho}, Anna. Y.~Q. and {Zasowski}, G.},
	doi = {10.1088/0004-637X/808/1/16},
	eid = {16},
	eprint = {1501.07604},
	journal = {\apj},
	keywords = {methods: data analysis, methods: statistical, stars: abundances, stars: fundamental parameters, surveys, techniques: spectroscopic, Astrophysics - Solar and Stellar Astrophysics, Astrophysics - Astrophysics of Galaxies, Astrophysics - Instrumentation and Methods for Astrophysics},
	month = {Jul},
	pages = {16},
	primaryclass = {astro-ph.SR},
	title = {{The Cannon: A data-driven approach to Stellar Label Determination}},
	volume = {808},
	year = {2015},
	Bdsk-Url-1 = {https://doi.org/10.1088/0004-637X/808/1/16}}

@article{2013ApJS..208....5N,
	adsnote = {Provided by the SAO/NASA Astrophysics Data System},
	adsurl = {https://ui.adsabs.harvard.edu/abs/2013ApJS..208....5N},
	archiveprefix = {arXiv},
	author = {{Newman}, Jeffrey A. and {Cooper}, Michael C. and {Davis}, Marc and {Faber}, S.~M. and {Coil}, Alison L. and {Guhathakurta}, Puragra and {Koo}, David C. and {Phillips}, Andrew C. and {Conroy}, Charlie and {Dutton}, Aaron A. and {Finkbeiner}, Douglas P. and {Gerke}, Brian F. and {Rosario}, David J. and {Weiner}, Benjamin J. and {Willmer}, C.~N.~A. and {Yan}, Renbin and {Harker}, Justin J. and {Kassin}, Susan A. and {Konidaris}, N.~P. and {Lai}, Kamson and {Madgwick}, Darren S. and {Noeske}, K.~G. and {Wirth}, Gregory D. and {Connolly}, A.~J. and {Kaiser}, N. and {Kirby}, Evan N. and {Lemaux}, Brian C. and {Lin}, Lihwai and {Lotz}, Jennifer M. and {Luppino}, G.~A. and {Marinoni}, C. and {Matthews}, Daniel J. and {Metevier}, Anne and {Schiavon}, Ricardo P.},
	doi = {10.1088/0067-0049/208/1/5},
	eid = {5},
	eprint = {1203.3192},
	journal = {\apjs},
	keywords = {cosmology: observations, galaxies: distances and redshifts, galaxies: evolution, galaxies: fundamental parameters, galaxies: high-redshift, galaxies: statistics, large-scale structure of universe, methods: data analysis, surveys, Astrophysics - Cosmology and Nongalactic Astrophysics, Astrophysics - Astrophysics of Galaxies},
	month = {Sep},
	number = {1},
	pages = {5},
	primaryclass = {astro-ph.CO},
	title = {{The DEEP2 Galaxy Redshift Survey: Design, Observations, Data Reduction, and Redshifts}},
	volume = {208},
	year = {2013},
	Bdsk-Url-1 = {https://doi.org/10.1088/0067-0049/208/1/5}}

@article{newman15,
	adsnote = {Provided by the SAO/NASA Astrophysics Data System},
	archiveprefix = {arXiv},
	author = {{Newman}, J.~A. and {Abate}, A. and {Abdalla}, F.~B. and {Allam}, S. and {Allen}, S.~W. and {Ansari}, R. and {Bailey}, S. and {Barkhouse}, W.~A. and {Beers}, T.~C. and {Blanton}, M.~R. and {Brodwin}, M. and {Brownstein}, J.~R. and {Brunner}, R.~J. and {Carrasco Kind}, M. and {Cervantes-Cota}, J.~L. and {Cheu}, E. and {Chisari}, N.~E. and {Colless}, M. and {Comparat}, J. and {Coupon}, J. and {Cunha}, C.~E. and {de la Macorra}, A. and {Dell'Antonio}, I.~P. and {Frye}, B.~L. and {Gawiser}, E.~J. and {Gehrels}, N. and {Grady}, K. and {Hagen}, A. and {Hall}, P.~B. and {Hearin}, A.~P. and {Hildebrandt}, H. and {Hirata}, C.~M. and {Ho}, S. and {Honscheid}, K. and {Huterer}, D. and {Ivezi{\'c}}, {\v Z}. and {Kneib}, J.-P. and {Kruk}, J.~W. and {Lahav}, O. and {Mandelbaum}, R. and {Marshall}, J.~L. and {Matthews}, D.~J. and {M{\'e}nard}, B. and {Miquel}, R. and {Moniez}, M. and {Moos}, H.~W. and {Moustakas}, J. and {Myers}, A.~D. and {Papovich}, C. and {Peacock}, J.~A. and {Park}, C. and {Rahman}, M. and {Rhodes}, J. and {Ricol}, J.-S. and {Sadeh}, I. and {Slozar}, A. and {Schmidt}, S.~J. and {Stern}, D.~K. and {Anthony Tyson}, J. and {von der Linden}, A. and {Wechsler}, R.~H. and {Wood-Vasey}, W.~M. and {Zentner}, A.~R.},
	date-added = {2018-03-08 04:59:25 +0000},
	date-modified = {2018-03-08 04:59:25 +0000},
	doi = {10.1016/j.astropartphys.2014.06.007},
	eprint = {1309.5384},
	journal = {Astroparticle Physics},
	keywords = {Cosmology, Dark energy, Surveys},
	month = mar,
	pages = {81-100},
	title = {{Spectroscopic needs for imaging dark energy experiments}},
	volume = 63,
	year = 2015,
	Bdsk-Url-1 = {https://dx.doi.org/10.1016/j.astropartphys.2014.06.007}}

@article{newman13,
	adsnote = {Provided by the SAO/NASA Astrophysics Data System},
	archiveprefix = {arXiv},
	author = {{Newman}, J.~A. and {Cooper}, M.~C. and {Davis}, M. and {Faber}, S.~M. and {Coil}, A.~L. and {Guhathakurta}, P. and {Koo}, D.~C. and {Phillips}, A.~C. and {Conroy}, C. and {Dutton}, A.~A. and {Finkbeiner}, D.~P. and {Gerke}, B.~F. and {Rosario}, D.~J. and {Weiner}, B.~J. and {Willmer}, C.~N.~A. and {Yan}, R. and {Harker}, J.~J. and {Kassin}, S.~A. and {Konidaris}, N.~P. and {Lai}, K. and {Madgwick}, D.~S. and {Noeske}, K.~G. and {Wirth}, G.~D. and {Connolly}, A.~J. and {Kaiser}, N. and {Kirby}, E.~N. and {Lemaux}, B.~C. and {Lin}, L. and {Lotz}, J.~M. and {Luppino}, G.~A. and {Marinoni}, C. and {Matthews}, D.~J. and {Metevier}, A. and {Schiavon}, R.~P.},
	date-added = {2015-10-25 11:30:48 +0000},
	date-modified = {2015-10-25 11:30:49 +0000},
	doi = {10.1088/0067-0049/208/1/5},
	eid = {5},
	eprint = {1203.3192},
	journal = {\apjs},
	keywords = {cosmology: observations, galaxies: distances and redshifts, galaxies: evolution, galaxies: fundamental parameters, galaxies: high-redshift, galaxies: statistics, large-scale structure of universe, methods: data analysis, surveys},
	month = sep,
	pages = {5},
	title = {{The DEEP2 Galaxy Redshift Survey: Design, Observations, Data Reduction, and Redshifts}},
	volume = 208,
	year = 2013,
	Bdsk-Url-1 = {http://dx.doi.org/10.1088/0067-0049/208/1/5}}

@article{parks18,
	adsnote = {Provided by the SAO/NASA Astrophysics Data System},
	archiveprefix = {arXiv},
	author = {{Parks}, D. and {Prochaska}, J.~X. and {Dong}, S. and {Cai}, Z.},
	date-added = {2019-02-01 12:52:28 -0800},
	date-modified = {2019-02-01 12:52:29 -0800},
	doi = {10.1093/mnras/sty196},
	eprint = {1709.04962},
	journal = {\mnras},
	keywords = {techniques: spectroscopic, quasars: absorption lines},
	month = may,
	pages = {1151-1168},
	title = {{Deep learning of quasar spectra to discover and characterize damped Ly{$\alpha$} systems}},
	volume = 476,
	year = 2018,
	Bdsk-Url-1 = {https://doi.org/10.1093/mnras/sty196}}

@article{2019ApJ...871...11Q,
	adsnote = {Provided by the SAO/NASA Astrophysics Data System},
	adsurl = {https://ui.adsabs.harvard.edu/abs/2019ApJ...871...11Q},
	archiveprefix = {arXiv},
	author = {{Quirk}, Amanda and {Guhathakurta}, Puragra and {Chemin}, Laurent and {Dorman}, Claire E. and {Gilbert}, Karoline M. and {Seth}, Anil C. and {Williams}, Benjamin F. and {Dalcanton}, Julianne J.},
	doi = {10.3847/1538-4357/aaf1ba},
	eid = {11},
	eprint = {1811.07037},
	journal = {\apj},
	keywords = {galaxies: individual: M31, galaxies: interactions, galaxies: kinematics and dynamics, Local Group, Astrophysics - Astrophysics of Galaxies},
	month = {Jan},
	number = {1},
	pages = {11},
	primaryclass = {astro-ph.GA},
	title = {{Asymmetric Drift in the Andromeda Galaxy (M31) as a Function of Stellar Age}},
	volume = {871},
	year = {2019},
	Bdsk-Url-1 = {https://doi.org/10.3847/1538-4357/aaf1ba}}

@article{onodera12,
	adsnote = {Provided by the SAO/NASA Astrophysics Data System},
	adsurl = {https://ui.adsabs.harvard.edu/abs/2012ApJ...755...26O},
	archiveprefix = {arXiv},
	author = {{Onodera}, M. and {Renzini}, A. and {Carollo}, M. and {Cappellari}, M. and {Mancini}, C. and {Strazzullo}, V. and {Daddi}, E. and {Arimoto}, N. and {Gobat}, R. and {Yamada}, Y. and {McCracken}, H.~J. and {Ilbert}, O. and {Capak}, P. and {Cimatti}, A. and {Giavalisco}, M. and {Koekemoer}, A.~M. and {Kong}, X. and {Lilly}, S. and {Motohara}, K. and {Ohta}, K. and {Sanders}, D.~B. and {Scoville}, N. and {Tamura}, N. and {Taniguchi}, Y.},
	doi = {10.1088/0004-637X/755/1/26},
	eid = {26},
	eprint = {1206.1540},
	journal = {\apj},
	keywords = {galaxies: evolution, galaxies: formation, galaxies: high-redshift, Astrophysics - Cosmology and Nongalactic Astrophysics},
	month = aug,
	number = {1},
	pages = {26},
	primaryclass = {astro-ph.CO},
	title = {{Deep Near-infrared Spectroscopy of Passively Evolving Galaxies at z \&gt;\raisebox{-0.5ex}\textasciitilde 1.4}},
	volume = {755},
	year = 2012,
	Bdsk-Url-1 = {https://doi.org/10.1088/0004-637X/755/1/26}}

@article{2005MNRAS.356.1071R,
	adsnote = {Provided by the SAO/NASA Astrophysics Data System},
	archiveprefix = {arXiv},
	author = {{Renda}, Agostino and {Kawata}, Daisuke and {Fenner}, Yeshe and {Gibson}, Brad K.},
	doi = {10.1111/j.1365-2966.2004.08530.x},
	eprint = {astro-ph/0410579},
	journal = {\mnras},
	keywords = {galaxies: abundances, galaxies: evolution, galaxies: formation, galaxies: haloes, Astrophysics},
	month = {Jan},
	pages = {1071-1078},
	primaryclass = {astro-ph},
	title = {{Contrasting the chemical evolution of the Milky Way and Andromeda}},
	volume = {356},
	year = {2005},
	Bdsk-Url-1 = {https://doi.org/10.1111/j.1365-2966.2004.08530.x}}

@article{2017ApJ...836..234S,
	adsnote = {Provided by the SAO/NASA Astrophysics Data System},
	archiveprefix = {arXiv},
	author = {{Sanderson}, Robyn E. and {Hartke}, Johanna and {Helmi}, Amina},
	doi = {10.3847/1538-4357/aa5eb4},
	eid = {234},
	eprint = {1609.01653},
	journal = {\apj},
	keywords = {dark matter, Galaxy: halo, Galaxy: kinematics and dynamics, Galaxy: structure, methods: numerical, Astrophysics - Astrophysics of Galaxies},
	month = {Feb},
	pages = {234},
	primaryclass = {astro-ph.GA},
	title = {{Modeling the Gravitational Potential of a Cosmological Dark Matter Halo with Stellar Streams}},
	volume = {836},
	year = {2017},
	Bdsk-Url-1 = {https://doi.org/10.3847/1538-4357/aa5eb4}}

@article{2018arXiv181005156S,
	adsnote = {Provided by the SAO/NASA Astrophysics Data System},
	adsurl = {https://ui.adsabs.harvard.edu/abs/2018arXiv181005156S},
	archiveprefix = {arXiv},
	author = {{Schmidt}, Tobias M. and {Hennawi}, Joseph F. and {Lee}, Khee-Gan and {Lukic}, Zarija and {Onorbe}, Jose and {White}, Martin},
	eid = {arXiv:1810.05156},
	eprint = {1810.05156},
	journal = {arXiv e-prints},
	keywords = {Astrophysics - Astrophysics of Galaxies, Astrophysics - Cosmology and Nongalactic Astrophysics},
	month = {Oct},
	pages = {arXiv:1810.05156},
	primaryclass = {astro-ph.GA},
	title = {{Mapping quasar light echoes in 3D with Lya forest tomography}},
	year = {2018}}

@inproceedings{2016SPIE.9912E..1WS,
	adsnote = {Provided by the SAO/NASA Astrophysics Data System},
	adsurl = {https://ui.adsabs.harvard.edu/abs/2016SPIE.9912E..1WS},
	author = {{Staszak}, Nicholas F. and {Lawrence}, Jon and {Brown}, David M. and {Brown}, Rebecca and {Zhelem}, Ross and {Goodwin}, Michael and {Kuehn}, Kyler and {Lorente}, Nuria P.~F. and {Nichani}, Vijay and {Waller}, Lew and {Case}, Scott and {Content}, Robert and {Hopkins}, Andrew M. and {Klauser}, Urs and {Pai}, Naveen and {Mueller}, Rolf and {Mali}, Slavko and {Vuong}, Minh V.},
	booktitle = {Advances in Optical and Mechanical Technologies for Telescopes and Instrumentation II},
	date-modified = {2019-06-07 15:07:09 -0700},
	doi = {10.1117/12.2233583},
	eid = {99121W},
	month = {Jul},
	pages = {99121W},
	series = {SPIE},
	title = {{TAIPAN instrument fibre positioner and Starbug robots: engineering overview}},
	volume = {9912},
	year = {2016},
	Bdsk-Url-1 = {https://doi.org/10.1117/12.2233583}}

@article{TingPayne19,
	adsnote = {Provided by the SAO/NASA Astrophysics Data System},
	adsurl = {https://ui.adsabs.harvard.edu/abs/2019ApJ...879...69T},
	archiveprefix = {arXiv},
	author = {{Ting}, Yuan-Sen and {Conroy}, Charlie and {Rix}, Hans-Walter and {Cargile}, Phillip},
	doi = {10.3847/1538-4357/ab2331},
	eid = {69},
	eprint = {1804.01530},
	journal = {\apj},
	keywords = {methods: data analysis, stars: abundances, techniques: spectroscopic, Astrophysics - Solar and Stellar Astrophysics, Astrophysics - Astrophysics of Galaxies},
	month = jul,
	number = {2},
	pages = {69},
	primaryclass = {astro-ph.SR},
	title = {{The Payne: Self-consistent ab initio Fitting of Stellar Spectra}},
	volume = {879},
	year = 2019,
	Bdsk-Url-1 = {https://doi.org/10.3847/1538-4357/ab2331}}

@article{2018arXiv180803278T,
	adsnote = {Provided by the SAO/NASA Astrophysics Data System},
	archiveprefix = {arXiv},
	author = {{Ting}, Yuan-Sen and {Rix}, Hans-Walter},
	eid = {arXiv:1808.03278},
	eprint = {1808.03278},
	journal = {arXiv e-prints},
	keywords = {Astrophysics - Astrophysics of Galaxies},
	month = {Aug},
	pages = {arXiv:1808.03278},
	primaryclass = {astro-ph.GA},
	title = {{The vertical motion history of disk stars throughout the Galaxy}},
	year = {2018}}

@inproceedings{staszak16,
	adsnote = {Provided by the SAO/NASA Astrophysics Data System},
	author = {{Staszak}, N.~F. and {Lawrence}, J. and {Brown}, D.~M. and {Brown}, R. and {Zhelem}, R. and {Goodwin}, M. and {Kuehn}, K. and {Lorente}, N.~P.~F. and {Nichani}, V. and {Waller}, L. and {Case}, S. and {Content}, R. and {Hopkins}, A.~M. and {Klauser}, U. and {Pai}, N. and {Mueller}, R. and {Mali}, S. and {Vuong}, M.~V.},
	booktitle = {Advances in Optical and Mechanical Technologies for Telescopes and Instrumentation II},
	date-added = {2019-02-12 16:12:38 -0800},
	date-modified = {2019-02-12 16:12:38 -0800},
	doi = {10.1117/12.2233583},
	eid = {99121W},
	month = jul,
	pages = {99121W},
	series = {\procspie},
	title = {{TAIPAN instrument fibre positioner and Starbug robots: engineering overview}},
	volume = 9912,
	year = 2016,
	Bdsk-Url-1 = {https://doi.org/10.1117/12.2233583}}

@article{2000AJ....120.1579Y,
	adsnote = {Provided by the SAO/NASA Astrophysics Data System},
	adsurl = {https://ui.adsabs.harvard.edu/abs/2000AJ....120.1579Y},
	author = {{York}, D.~G. and {Adelman}, J. and {Anderson}, Jr., J.~E. and {Anderson}, S.~F. and {Annis}, J. and {Bahcall}, N.~A. and {Bakken}, J.~A. and {Barkhouser}, R. and {Bastian}, S. and {Berman}, E. and {Boroski}, W.~N. and {Bracker}, S. and {Briegel}, C. and {Briggs}, J.~W. and {Brinkmann}, J. and {Brunner}, R. and {Burles}, S. and {Carey}, L. and {Carr}, M.~A. and {Castander}, F.~J. and {Chen}, B. and {Colestock}, P.~L. and {Connolly}, A.~J. and {Crocker}, J.~H. and {Csabai}, I. and {Czarapata}, P.~C. and {Davis}, J.~E. and {Doi}, M. and {Dombeck}, T. and {Eisenstein}, D. and {Ellman}, N. and {Elms}, B.~R. and {Evans}, M.~L. and {Fan}, X. and {Federwitz}, G.~R. and {Fiscelli}, L. and {Friedman}, S. and {Frieman}, J.~A. and {Fukugita}, M. and {Gillespie}, B. and {Gunn}, J.~E. and {Gurbani}, V.~K. and {de Haas}, E. and {Haldeman}, M. and {Harris}, F.~H. and {Hayes}, J. and {Heckman}, T.~M. and {Hennessy}, G.~S. and {Hindsley}, R.~B. and {Holm}, S. and {Holmgren}, D.~J. and {Huang}, C.-h. and {Hull}, C. and {Husby}, D. and {Ichikawa}, S.-I. and {Ichikawa}, T. and {Ivezi{\'c}}, {\v Z}. and {Kent}, S. and {Kim}, R.~S.~J. and {Kinney}, E. and {Klaene}, M. and {Kleinman}, A.~N. and {Kleinman}, S. and {Knapp}, G.~R. and {Korienek}, J. and {Kron}, R.~G. and {Kunszt}, P.~Z. and {Lamb}, D.~Q. and {Lee}, B. and {Leger}, R.~F. and {Limmongkol}, S. and {Lindenmeyer}, C. and {Long}, D.~C. and {Loomis}, C. and {Loveday}, J. and {Lucinio}, R. and {Lupton}, R.~H. and {MacKinnon}, B. and {Mannery}, E.~J. and {Mantsch}, P.~M. and {Margon}, B. and {McGehee}, P. and {McKay}, T.~A. and {Meiksin}, A. and {Merelli}, A. and {Monet}, D.~G. and {Munn}, J.~A. and {Narayanan}, V.~K. and {Nash}, T. and {Neilsen}, E. and {Neswold}, R. and {Newberg}, H.~J. and {Nichol}, R.~C. and {Nicinski}, T. and {Nonino}, M. and {Okada}, N. and {Okamura}, S. and {Ostriker}, J.~P. and {Owen}, R. and {Pauls}, A.~G. and {Peoples}, J. and {Peterson}, R.~L. and {Petravick}, D. and {Pier}, J.~R. and {Pope}, A. and {Pordes}, R. and {Prosapio}, A. and {Rechenmacher}, R. and {Quinn}, T.~R. and {Richards}, G.~T. and {Richmond}, M.~W. and {Rivetta}, C.~H. and {Rockosi}, C.~M. and {Ruthmansdorfer}, K. and {Sandford}, D. and {Schlegel}, D.~J. and {Schneider}, D.~P. and {Sekiguchi}, M. and {Sergey}, G. and {Shimasaku}, K. and {Siegmund}, W.~A. and {Smee}, S. and {Smith}, J.~A. and {Snedden}, S. and {Stone}, R. and {Stoughton}, C. and {Strauss}, M.~A. and {Stubbs}, C. and {SubbaRao}, M. and {Szalay}, A.~S. and {Szapudi}, I. and {Szokoly}, G.~P. and {Thakar}, A.~R. and {Tremonti}, C. and {Tucker}, D.~L. and {Uomoto}, A. and {Vanden Berk}, D. and {Vogeley}, M.~S. and {Waddell}, P. and {Wang}, S.-i. and {Watanabe}, M. and {Weinberg}, D.~H. and {Yanny}, B. and {Yasuda}, N. and {SDSS Collaboration}},
	doi = {10.1086/301513},
	eprint = {astro-ph/0006396},
	journal = {\aj},
	keywords = {Cosmology: Observations, Instrumentation: Miscellaneous},
	month = sep,
	pages = {1579-1587},
	title = {{The Sloan Digital Sky Survey: Technical Summary}},
	volume = 120,
	year = 2000,
	Bdsk-Url-1 = {https://doi.org/10.1086/301513}}

@article{huterer06,
	adsnote = {Provided by the SAO/NASA Astrophysics Data System},
	adsurl = {https://ui.adsabs.harvard.edu/abs/2006MNRAS.366..101H},
	archiveprefix = {arXiv},
	author = {{Huterer}, Dragan and {Takada}, Masahiro and {Bernstein}, Gary and {Jain}, Bhuvnesh},
	doi = {10.1111/j.1365-2966.2005.09782.x},
	eprint = {astro-ph/0506030},
	journal = {\mnras},
	keywords = {cosmological parameters, large-scale structure of Universe, Astrophysics},
	month = {Feb},
	number = {1},
	pages = {101-114},
	primaryclass = {astro-ph},
	title = {{Systematic errors in future weak-lensing surveys: requirements and prospects for self-calibration}},
	volume = {366},
	year = {2006},
	Bdsk-Url-1 = {https://doi.org/10.1111/j.1365-2966.2005.09782.x}}

@article{phat,
	adsnote = {Provided by the SAO/NASA Astrophysics Data System},
	adsurl = {https://ui.adsabs.harvard.edu/abs/2012ApJS..200...18D},
	archiveprefix = {arXiv},
	author = {{Dalcanton}, Julianne J. and {Williams}, Benjamin F. and {Lang}, Dustin and {Lauer}, Tod R. and {Kalirai}, Jason S. and {Seth}, Anil C. and {Dolphin}, Andrew and {Rosenfield}, Philip and {Weisz}, Daniel R. and {Bell}, Eric F. and {Bianchi}, Luciana C. and {Boyer}, Martha L. and {Caldwell}, Nelson and {Dong}, Hui and {Dorman}, Claire E. and {Gilbert}, Karoline M. and {Girardi}, L{\'e}o and {Gogarten}, Stephanie M. and {Gordon}, Karl D. and {Guhathakurta}, Puragra and {Hodge}, Paul W. and {Holtzman}, Jon A. and {Johnson}, L. Clifton and {Larsen}, S{\o}ren S. and {Lewis}, Alexia and {Melbourne}, Jason L. and {Olsen}, Knut A.~G. and {Rix}, Hans-Walter and {Rosema}, Keith and {Saha}, Abhijit and {Sarajedini}, Ata and {Skillman}, Evan D. and {Stanek}, Krzysztof Z.},
	doi = {10.1088/0067-0049/200/2/18},
	eid = {18},
	eprint = {1204.0010},
	journal = {\apjs},
	keywords = {galaxies: individual: M31, galaxies: stellar content, stars: general, stars: imaging, Astrophysics - Cosmology and Nongalactic Astrophysics, Astrophysics - Solar and Stellar Astrophysics},
	month = {Jun},
	number = {2},
	pages = {18},
	primaryclass = {astro-ph.CO},
	title = {{The Panchromatic Hubble Andromeda Treasury}},
	volume = {200},
	year = {2012},
	Bdsk-Url-1 = {https://doi.org/10.1088/0067-0049/200/2/18}}

@article{splash,
	adsnote = {Provided by the SAO/NASA Astrophysics Data System},
	adsurl = {https://ui.adsabs.harvard.edu/abs/2009ApJ...701..776G},
	archiveprefix = {arXiv},
	author = {{Gilbert}, Karoline M. and {Font}, Andreea S. and {Johnston}, Kathryn V. and {Guhathakurta}, Puragra},
	doi = {10.1088/0004-637X/701/1/776},
	eprint = {0908.1111},
	journal = {\apj},
	keywords = {cosmology: theory, galaxies: abundances, galaxies: evolution, galaxies: halos, galaxies: individual: M31, Astrophysics - Cosmology and Nongalactic Astrophysics},
	month = {Aug},
	number = {1},
	pages = {776-786},
	primaryclass = {astro-ph.CO},
	title = {{The Dominance of Metal-rich Streams in Stellar Halos: A Comparison Between Substructure in M31 and {\ensuremath{\Lambda}}CDM Models}},
	volume = {701},
	year = {2009},
	Bdsk-Url-1 = {https://doi.org/10.1088/0004-637X/701/1/776}}

@article{kirby18,
	author = {Kirby, Evan N. and Xie, Justin L. and Guo, Rachel and Kovalev, Mikhail and Bergemann, Maria},
	date-modified = {2019-10-07 17:05:13 -0700},
	doi = {10.3847/1538-4365/aac952},
	file = {Full Text PDF:/Users/nathansandford/Zotero/storage/DP2BFB22/Kirby et al. - 2018 - Catalog of Chromium, Cobalt, and Nickel Abundances.pdf:application/pdf;Snapshot:/Users/nathansandford/Zotero/storage/F2VD6ENE/abstract.html:text/html},
	journal = {The Astrophysical Journal Supplement Series},
	keywords = {DEIMOS},
	language = {en},
	month = jul,
	number = {1},
	pages = {18},
	title = {Catalog of {Chromium}, {Cobalt}, and {Nickel} {Abundances} in {Globular} {Clusters} and {Dwarf} {Galaxies}},
	url = {https://ui.adsabs.harvard.edu/abs/2018ApJS..237...18K/abstract},
	urldate = {2019-09-25},
	volume = {237},
	year = {2018},
	Bdsk-Url-1 = {https://ui.adsabs.harvard.edu/abs/2018ApJS..237...18K/abstract},
	Bdsk-Url-2 = {https://doi.org/10.3847/1538-4365/aac952}}

@inbook{FlageyMSE,
	adsnote = {Provided by the SAO/NASA Astrophysics Data System},
	adsurl = {https://ui.adsabs.harvard.edu/abs/2016SPIE.9908E..9CF},
	author = {{Flagey}, Nicolas and {Mignot}, Shan and {Szeto}, Kei and {McConnachie}, Alan and {Murowinski}, Rick},
	booktitle = {\procspie},
	doi = {10.1117/12.2231238},
	eid = {99089C},
	pages = {99089C},
	series = {Society of Photo-Optical Instrumentation Engineers (SPIE) Conference Series},
	title = {{The Maunakea Spectroscopic Explorer: throughput optimization}},
	volume = {9908},
	year = 2016,
	Bdsk-Url-1 = {https://doi.org/10.1117/12.2231238}}

@article{YST2017,
	adsnote = {Provided by the SAO/NASA Astrophysics Data System},
	adsurl = {https://ui.adsabs.harvard.edu/abs/2017ApJ...843...32T},
	archiveprefix = {arXiv},
	author = {{Ting}, Yuan-Sen and {Conroy}, Charlie and {Rix}, Hans-Walter and {Cargile}, Phillip},
	doi = {10.3847/1538-4357/aa7688},
	eid = {32},
	eprint = {1706.00111},
	journal = {\apj},
	keywords = {methods: data analysis, stars: abundances, stars: atmospheres, techniques: spectroscopic, Astrophysics - Solar and Stellar Astrophysics, Astrophysics - Astrophysics of Galaxies, Astrophysics - Instrumentation and Methods for Astrophysics},
	month = jul,
	number = {1},
	pages = {32},
	primaryclass = {astro-ph.SR},
	title = {{Prospects for Measuring Abundances of \&gt;20 Elements with Low-resolution Stellar Spectra}},
	volume = {843},
	year = 2017,
	Bdsk-Url-1 = {https://doi.org/10.3847/1538-4357/aa7688}}

@article{Escala20,
	adsnote = {Provided by the SAO/NASA Astrophysics Data System},
	adsurl = {https://ui.adsabs.harvard.edu/abs/2020ApJ...889..177E},
	archiveprefix = {arXiv},
	author = {{Escala}, Ivanna and {Gilbert}, Karoline M. and {Kirby}, Evan N. and {Wojno}, Jennifer and {Cunningham}, Emily C. and {Guhathakurta}, Puragra},
	doi = {10.3847/1538-4357/ab6659},
	eid = {177},
	eprint = {1909.00006},
	journal = {\apj},
	keywords = {Astrophysics - Astrophysics of Galaxies},
	month = feb,
	number = {2},
	pages = {177},
	primaryclass = {astro-ph.GA},
	title = {{Elemental Abundances in M31: A Comparative Analysis of Alpha and Iron Element Abundances in the the Outer Disk, Giant Stellar Stream, and Inner Halo of M31}},
	volume = {889},
	year = 2020,
	Bdsk-Url-1 = {https://doi.org/10.3847/1538-4357/ab6659}}

@article{ZeitnerFSE,
	author = {{Zeitner}, UweD and {Oliva}, Maria and {Fuchs}, Frank and {Michaelis}, Dirk and {Benkenstein}, Tino and {Harzendorf}, Torsten and {Kley}, Ernst-Bernhard},
	doi = {10.1007/s00339-012-7346-z},
	journal = {Applied Physics A},
	month = dec,
	pages = {789-796},
	title = {{High performance diffraction gratings made by e-beam lithography}},
	volume = {109},
	year = 2012,
	Bdsk-Url-1 = {https://doi.org/10.1007/s00339-012-7346-z}}

@article{LSSTDESCSRD,
	adsnote = {Provided by the SAO/NASA Astrophysics Data System},
	adsurl = {https://ui.adsabs.harvard.edu/abs/2018arXiv180901669T},
	archiveprefix = {arXiv},
	author = {{The LSST Dark Energy Science Collaboration} and {Mandelbaum}, Rachel and {Eifler}, Tim and {Hlo{\v{z}}ek}, Ren{\'e}e and {Collett}, Thomas and {Gawiser}, Eric and {Scolnic}, Daniel and {Alonso}, David and {Awan}, Humna and {Biswas}, Rahul and {Blazek}, Jonathan and {Burchat}, Patricia and {Chisari}, Nora Elisa and {Dell'Antonio}, Ian and {Digel}, Seth and {Frieman}, Josh and {Goldstein}, Daniel A. and {Hook}, Isobel and {Ivezi{\'c}}, {\v{Z}}eljko and {Kahn}, Steven M. and {Kamath}, Sowmya and {Kirkby}, David and {Kitching}, Thomas and {Krause}, Elisabeth and {Leget}, Pierre-Fran{\c{c}}ois and {Marshall}, Philip J. and {Meyers}, Joshua and {Miyatake}, Hironao and {Newman}, Jeffrey A. and {Nichol}, Robert and {Rykoff}, Eli and {Sanchez}, F. Javier and {Slosar}, An{\v{z}}e and {Sullivan}, Mark and {Troxel}, M.~A.},
	eid = {arXiv:1809.01669},
	eprint = {1809.01669},
	journal = {arXiv e-prints},
	keywords = {Astrophysics - Cosmology and Nongalactic Astrophysics},
	month = sep,
	pages = {arXiv:1809.01669},
	primaryclass = {astro-ph.CO},
	title = {{The LSST Dark Energy Science Collaboration (DESC) Science Requirements Document}},
	year = 2018}
